2738 4808
309 340 752 409 EPIGRAMMATUM
780 341 874 408 LlB.
896 341 1001 409 XIV.
1112 365 1181 435 ¹79

582 566 728 652 XXV

425 799 579 846 rncrrr
606 800 659 844 sn
686 768 886 845 euvino*

184 988 277 1073 Quin
296 985 410 1073 faciet,
425 985 533 1055 nullos
552 987 605 1055 hic
625 988 799 1055 inventura
815 982 966 1079 capillos,

231 1090 401 1161 Multifido
421 1092 529 1160 buxus
550 1116 623 1185 quae
644 1092 702 1161 tibi
722 1091 819 1161 dente
836 1090 954 1161 datur?

183 1284 307 1376 Eipotlc’
325 1276 468 1377 οὐδεμίην
488 1287 518 1350 ἐν
541 1282 589 1351 σοὶ
608 1284 715 1376 τρίχα,
733 1290 797 1361 πῶς
815 1287 843 1350 σ’
864 1280 900 1350 ἂν
920 1287 1024 1359 ὀνῆσαι

233 1390 289 1469 Εἰς
308 1391 449 1469 πυκινοὺς
468 1392 559 1481 opst-l
578 1383 670 1467 πύξος
685 1381 815 1469 ὀδόντας
833 1391 907 1483 ἐμή

175 1587 284 1649 'Pecten
306 1596 343 1649 ad
364 1596 465 1651 Calvum
488 1596 585 1666 legitur
609 1596 637 1648 in
678 1595 755 1649 sione
769 1594 797 1647 in
812 1594 957 1650 codicibus.
970 1596 1093 1665 -Ouid
1097 1598 1186 1664 saciet.

147 1672 269 1730 tddvett.
677 1674 787 1728 Pectine
809 1675 897 1729 buxeo
924 1676 1026 1729 calvum
1046 1675 1187 1747 quemdam

178 1772 198 1807 r.
218 1752 314 1807 Insanit
337 1758 375 1807 ira
398 1752 555 1807 Beverlandi
578 1753 637 1807 Ms.
678 1753 775 1819 donat,
799 1773 855 1825 quo
879 1774 934 1808 non
955 1755 1007 1825 ipsi
1027 1773 1097 1827 opus
1115 1768 1186 1817 erat,

146 1830 202 1889 fatali
214 1848 241 1889 et
253 1835 332 1889 solita
347 1836 399 1887 τοῖν
415 1838 446 1885 iti
458 1845 486 1885 et
502 1846 528 1885 eu
544 1833 639 1887 conlu-
680 1845 759 1904 atque
775 1835 812 1887 ita
830 1833 905 1887 illum
920 1832 1015 1888 irridet
1025 1836 1114 1889 Poeta.

554 2031 746 2119 -XXVl

603 2227 717 2305 stro-⁴

187 2434 362 2502 Ctusrtcs
381 2426 579 2496 Teutonicos
601 2424 750 2493 accendit
771 2450 887 2518 spuma
905 2424 1055 2521 capillos3

236 2536 386 2630 Captivis
407 2534 530 2627 poteris
551 2530 669 2601 cultior
688 2556 758 2599 esse
776 2533 887 2599 comis.

185 2722 361 2789 Τευτονικὸν
381 2717 458 2786 καίει
476 2716 649 2808 πλοκάμους
669 2714 813 2807 ἄφρισμοι·
835 2718 952 2790 ποιήσει

236 2812 267 2893 H
291 2817 489 2917 dooplsrnrot
511 2820 699 2915 κομψότερον
720 2847 752 2887 σε
774 2822 862 2912 κόμη.

175 3018 187 3038 “
206 3018 291 3072 Crines
311 3037 371 3087 sepo
390 3015 528 3086 inscriptio
551 3027 590 3069 est
609 3015 638 3066 in
683 3012 805 3066 demirari
823 3013 884 3067 satis
898 3032 1017 3085 nequeo,
1036 3015 1108 3085 quod
1126 3038 1187 3090 pm.

138 3096 193 3151 Μὰ
206 3099 283 3151 Jnnt.
298 3095 385 3149 Colin.
397 3095 501 3166 Langii.
683 3095 743 3145 bam
752 3092 892 3145 lectionem
903 3111 957 3145 non
968 3092 1117 3150 retinuerit.
1128 3098 1187 3151 Cat.

175 3209 213 3219 -
227 3177 302 3249 Sapo
321 3175 423 3227 Plinlur
439 3174 489 3228 lib.
506 3173 638 3237 XXVIlI,
683 3173 733 3225 tica
747 3190 841 3242 spuma
855 3184 894 3225 est
907 3172 1003 3225 Batava
1017 3191 1023 3225 :
1037 3174 1083 3227 lib.
1100 3177 1185 3240 vm,

139 3272 239 3327 etp-12
255 3276 263 3309 :
277 3253 405 3308 «Prodest
422 3267 448 3306 et
460 3272 537 3324 arpo,
552 3253 641 3305 Gallo·
683 3252 765 3322 epigr.
777 3270 870 3303 rntxrrr.
884 3278 895 3297 ι
914 3251 1056 3306 Beverlaod.

139 3350 196 3389 tum
210 3336 263 3390 hoc
280 3337 433 3398 inventum,
445 3330 585 3385 rutilandis
597 3350 640 3384 oa·
726 3350 750 3383 a.
770 3330 876 3400 Captivis
895 3334 974 3383 οοοιὶε.
995 3332 1189 3387 Germanorum

141 3415 220 3481 pillis,
234 3434 269 3469 ex
284 3432 348 3468 sevo
362 3426 390 3466 et
405 3413 502 3465 cinere.
519 3410 640 3481 Optimus
684 3406 797 3474 scilicet,
819 3426 885 3479 quos
903 3411 1039 3481 subegerat
1058 3414 1188 3467 Domitio·

142 3492 222 3565 Bgino
235 3507 262 3548 et
277 3493 404 3565 caprino,
420 3490 524 3543 duobus
537 3487 638 3553 modis,
684 3507 742 3541 nus.
751 3488 922 3541 Notissimum
934 3504 1021 3542 autem
1031 3492 1155 3547 estflavos
1163 3506 1189 3547 et

145 3573 231 3645 pinus
243 3592 275 3628 ao
289 3570 426 3645 liquidus:
440 3583 553 3641 uterque
568 3567 641 3640 apud
685 3568 764 3620 luisse
776 3581 802 3620 et
814 3586 867 3621 esse
879 3568 965 3621 crines
978 3569 1188 3639 Germanorum

147 3650 281 3707 (immanes
288 3654 389 3721 majore
396 3652 423 3703 in
433 3668 483 3703 usu
493 3649 642 3719 virisquam
686 3647 731 3718 qui
742 3647 815 3700 color
826 3647 902 3700 valde
912 3647 984 3719 apud
992 3650 1097 3704 Graecos
1107 3664 1134 3705 et
1139 3654 1190 3704 llo·

148 3730 248 3787 lminis.
262 3760 275 3781 ι
688 3746 780 3779 manos
794 3727 997 3781 commendatus.
1017 3730 1112 3784 Sensus
1128 3749 1190 3801 ergo

182 3832 204 3867 ι.
212 3840 224 3861 ι
236 3814 346 3867 Carica:
355 3828 437 3881 quum
448 3809 531 3862 codex
544 3804 645 3860 Medio·
689 3819 740 3859 est:
751 3806 883 3877 sisapone
893 3808 988 3871 utaris,
996 3809 1189 3862 Gennanorum

152 3888 249 3947 uunsis
262 3893 301 3945 sic
316 3891 425 3953 habeat,
440 3901 518 3959 atque
531 3888 568 3941 sic
580 3904 646 3957 qno·
687 3886 840 3955 elegantiam
851 3906 933 3940 comae
947 3882 997 3940 tuat
1009 3889 1134 3957 elegantia
1147 3906 1192 3941 su·

151 3988 189 4039 tte
205 3974 233 4025 in
251 3973 310 4025 MS.
330 3989 380 4023 suo
399 3969 490 4039 legerit
510 3965 643 4023 liederus.
689 3984 779 4035 perere
795 3967 901 4035 poteris.

980 4070 1042 4139 12²
