2542 4822
90 345 94 355 ·
151 337 224 426 198
431 336 477 401 Μ.
498 333 925 428 vauusuumsss

616 560 741 646 LIX.

543 795 821 842 OPOBALSAMA.

207 986 379 1052 Bassus
401 964 622 1077 surrupiam,
643 981 713 1050 haec
736 995 813 1050 sunt
831 996 1001 1075 unguenta
1020 984 1140 1053 virosus

259 1086 399 1156 Delicias
421 1090 534 1158 Cosmi
553 1112 614 1156 vos
636 1085 800 1170 redoletis,
818 1111 932 1156 nurus.

208 1301 345 1393 Balaap‘
366 1305 426 1395 ἐγὼ
443 1301 605 1393 aspum·
628 1298 743 1392 τὸγὰρ
765 1294 856 1391 pu'pou
878 1289 1021 1392 ἀνδρικόν
1041 1304 1098 1378 tes.

260 1410 323 1485 Τῆς
344 1407 470 1498 Κόσμου
489 1397 524 1472 δὲ
544 1416 658 1498 τρυφῆς
676 1398 778 1489 ilaus,
797 1404 870 1478 θῆλυ
889 1406 984 1498 γένος.

201 1634 224 1668 1.
244 1616 279 1666 Te
294 1612 353 1666 cod.
370 1613 471 1677 beverl.
488 1643 527 1653 -
549 1611 664 1663 Balsama
707 1610 740 1663 de
758 1611 810 1664 hoc
829 1610 947 1676 Plinius,
967 1610 1095 1678 Solinus,
1110 1612 1140 1664 'l's

158 1715 193 1746 me
208 1698 314 1764 capuam.
330 1693 478 1745 lesamum
501 1702 541 1744 est
562 1691 663 1755 arbon
708 1689 1140 1756 uiuentiuvmsclsadsxxxl,

158 1773 356 1843 opobalsamum
376 1789 439 1823 vero
456 1787 549 1823 succus
563 1782 602 1822 est
617 1767 663 1822 de·
708 1769 755 1840 qui
769 1769 797 1821 in
807 1769 900 1841 Epith.
913 1768 1014 1824 Pallsd.
1024 1771 1077 1824 sic:
1087 1771 1140 1825 ‹oa

159 1853 243 1906 llueus
260 1870 293 1905 ex
314 1851 445 1914 balsamo,
459 1851 534 1920 cujus
553 1848 665 1902 suavita·
709 1849 742 1902 tis
764 1848 809 1902 alii
823 1867 871 1920 per
884 1861 971 1903 totum
991 1851 1140 1904 bulssmns

159 1946 212 1985 tem
228 1928 399 1985 commendat
411 1930 512 1982 Plinius
528 1929 575 1982 lib.
590 1929 665 1992 ΧΙΙ,
709 1926 836 1981 Effudere
848 1927 939 1993 cadis,
956 1928 1027 1982 duro
1043 1948 1104 2002 qun
1118 1949 1140 1983 ss

159 2032 181 2065 c.
197 2010 321 2064 st-tn
332 2008 441 2081 ancipiti
453 2028 509 2061 rem
521 2011 583 2069 iste,
594 2008 666 2078 quis·
710 2026 801 2078 ungue
809 2008 927 2062 Niliacos
935 2008 1033 2080 pingui
1044 2008 1140 2064 duod·

159 2092 218 2162 quis
229 2103 279 2153 est,
289 2089 404 2161 linquit3
414 2107 493 2160 quam
504 2107 554 2158 ego
566 2107 597 2141 ex
609 2087 668 2139 Ser-
710 2106 775 2140 nere
787 2100 886 2141 cortex.
897 2114 908 2135 s
916 2090 1020 2140 -Hoec
1028 2103 1140 2158 samtaap

160 2171 204 2222 vio
211 2170 406 2240 aliquantulum
416 2169 554 2221 immutsto
562 2167 667 2231 certius,
709 2167 807 2220 quen.
822 2179 908 2220 tamen
924 2167 979 2221 Sat.
995 2168 1140 2233 11,41‚an

161 2262 190 2303 ut
201 2269 269 2308 reor,
280 2259 400 2302 statuam.
408 2249 474 2301 Tres
484 2248 611 2301 nimirum
623 2264 668 2298 ex·
712 2245 836 2299 mollibus
857 2259 959 2299 tautum
981 2246 1136 2300 hominibus

161 2329 250 2383 stitere
265 2326 337 2400 apud
361 2328 482 2394 Grecos,
499 2340 525 2380 et
538 2327 601 2380 hinc
617 2326 668 2378 La·
711 2326 868 2379 oonvenire:
882 2352 894 2374 ι
907 2324 961 2379 sed
972 2339 1062 2379 tamen
1078 2325 1140 2379 uods

162 2410 219 2462 tino
237 2408 352 2461 sermoni
369 2408 532 2478 irrepserunt
551 2417 668 2476 cognatae
713 2406 792 2469 emis,
809 2406 915 2459 hirsuto
932 2405 1036 2477 spirant
1055 2407 1140 2478 opobu

161 2506 238 2540 voces
248 2485 282 2539 de
291 2487 419 2550 balsamo,
432 2487 560 2557 βάλσαμον
569 2486 669 2555 ipsum,
714 2485 782 2537 collo
798 2485 865 2549 Quae
876 2485 945 2539 tibi?
956 2511 967 2532 s

162 2565 347 2636 ὁποὸάλσαμον,
365 2563 555 2634 ξυλοὸάλσαμον.
573 2566 596 2617 E
615 2562 669 2635 qui·
756 2584 782 2617 2.
799 2564 851 2617 Pro
868 2564 964 2629 Cosmi,
983 2563 1059 2636 quod
1074 2566 1135 2638 legit

162 2647 212 2698 bus
232 2657 305 2716 patet
326 2642 468 2696 secundam
486 2642 556 2696 idem
577 2662 669 2697 souare
713 2644 870 2707 torus,Ns'm'
877 2644 976 2697 habeut
988 2642 1051 2697 edd.
1066 2641 1140 2698 Pam]

162 2743 192 2777 oc
205 2723 315 2777 balsami
329 2723 465 2778 arborem,
484 2724 588 2775 tertiam
606 2740 670 2775 vero
713 2735 740 2776 et
760 2724 870 2775 Famub.
885 2724 949 2775 Ha'us'
967 2719 1030 2776 Ald.
1044 2725 1140 2779 lustu<

164 2801 234 2856 idem
254 2800 326 2873 quod
342 2801 449 2853 balsami
468 2803 570 2855 fructus
584 2795 596 2871 (
608 2820 671 2872 ergo
714 2821 773 2874 quos
783 2803 865 2855 milvos
874 2803 981 2855 Thura.
996 2801 1057 2856 uod.
1070 2805 1107 2857 rit
1119 2804 1140 2855 B

166 2883 274 2935 balsami
291 2877 418 2942 succum).
436 2881 496 2933 Atat
513 2883 597 2952 prima
611 2894 670 2934 utro
714 2881 761 2952 qui
775 2883 829 2933 lu'rsc
840 2901 892 2933 uos.
904 2881 957 2934 Pro
972 2881 1016 2936 his
1032 2884 1138 2937 vocibus

165 2981 205 3014 res
224 2961 389 3030 designatur,
413 2960 548 3013 fructusne
572 2981 603 3013 au
630 2980 670 3011 ar·
714 2961 758 3011 sed
777 2962 858 3013 hahet
876 2960 936 3014 cod.
960 2962 988 3014 iu
1008 2981 1093 3034 marg.
1108 2960 1139 3015 td

166 3041 237 3092 bor?
262 3040 382 3109 Utraque
406 3058 447 3090 res
467 3058 473 3091 :
494 3052 521 3092 et
546 3040 591 3092 illa
617 3039 671 3090 sola
719 3044 803 3110 1617,
821 3041 842 3092 si
854 3059 915 3093 sano
929 3054 1003 3094 recte
1013 3041 1140 3114 intelligis

164 3121 246 3173 trium
259 3137 310 3170 vox
321 3119 450 3188 ambiguus
464 3118 611 3172 latitudinis
623 3130 671 3180 est,
715 3120 750 3171 V.
763 3118 838 3191 quod
849 3121 879 3171 in
891 3139 923 3172 eo
930 3139 1013 3191 marg.
1022 3135 1105 3175 exsut
1112 3121 1140 3192 pl

166 3217 249 3271 quum
264 3196 320 3248 duo
340 3199 395 3251 alim
413 3212 439 3250 et
454 3199 544 3252 stricto
559 3212 585 3251 et
600 3199 671 3250 eluro
718 3198 847 3269 que.Vid.
863 3218 911 3252 nos
924 3198 957 3251 ad
974 3199 1061 3270 epigr.
1079 3218 1140 3254 xm

166 3278 248 3348 magis
266 3295 342 3329 sensu
368 3277 525 3346 usurpaudoe
547 3278 617 3341 sint;
638 3276 673 3328 its
718 3279 826 3330 Delicias
839 3279 900 3330 slim·
912 3278 940 3330 h.
958 3297 981 3331 e.
999 3278 1091 3349 iuquit
1106 3281 1140 3332 Its

167 3371 197 3410 ut
217 3353 350 3426 quidquid
371 3369 416 3408 aut
431 3358 606 3426 opobalsamum
628 3368 673 3408 sut
717 3357 765 3427 qui
774 3359 810 3410 sic
819 3358 971 3427 leginvos,
982 3359 1140 3424 feminum

168 3435 356 3507 xylobalsamum
371 3453 462 3498 vocas,
475 3437 604 3487 balsamum
613 3438 672 3507 jure
716 3437 826 3506 quaerite
845 3436 979 3506 liquoms,
998 3456 1140 3503 arrromusu¹

169 3530 216 3568 tuo
226 3532 317 3579 voces,
329 3514 435 3565 minime
450 3532 511 3566 sero
524 3516 599 3566 liceat
614 3535 671 3584 apo·
716 3514 798 3579 dum,
811 3516 913 3586 alisque
929 3515 958 3568 id
977 3536 1065 3587 genus
1077 3519 1140 3590 pissu

169 3596 299 3646 balsamum
309 3592 545 3663 proarlobalsamo,
558 3613 673 3664 proopo·
716 3608 748 3646 ut
771 3609 903 3665 unguenta
929 3594 1051 3651 delicata.
1076 3598 1140 3650 llius

170 3676 276 3726 balsamo
286 3671 472 3744 xylobalsamum
484 3673 609 3742 accipere.
621 3674 670 3725 Eo.
716 3673 767 3726 tuis
777 3676 956 3745 Assyriorum.
964 3677 1005 3728 De
1014 3678 1140 3748 Assyrios

170 3754 299 3804 -Aiunt
311 3751 510 3820 Theophrastus
524 3764 550 3803 et
564 3751 672 3804 Diosoo-
718 3754 758 3804 rio
770 3768 906 3825 unguento
918 3753 980 3807 vide
992 3756 1132 3821 tiuvm,

171 3833 240 3886 rides
256 3832 309 3901 ipss
325 3848 357 3881 ex
376 3831 470 3882 arbore
489 3848 597 3881 succum
617 3832 673 3882 stil-
719 3852 809 3885 sxxsu
819 3874 827 3896 ,
837 3855 861 3887 s.
876 3835 921 3887 ·s·i
935 3834 1023 3906 sapis,
1036 3837 1140 3909 Assyrio

170 3915 238 3975 lare,
257 3920 394 3980 postquam
414 3909 506 3960 ferreis
529 3909 674 3977 unguibus,
718 3930 765 3980 per
780 3913 828 3963 tibi
843 3913 924 3965 crinis
939 3933 1048 3967 amomo
1057 3916 1140 3989 Spleo

170 3989 282 4043 asssoisvu
293 3988 417 4054 cultellis,
428 3988 511 4050 vitro,
523 3987 621 4058 lapide,
635 4002 672 4041 te·
718 3990 750 4042 Et
768 3991 858 4044 Horat.
874 3993 919 4045 lib.
934 3994 975 4058 11,
990 3993 1045 4048 Od.
1062 3999 1139 4067 7,8:

170 4082 209 4123 stu
221 4079 248 4120 et
260 4066 360 4120 catoris
371 4067 452 4121 incisa
466 4066 508 4120 sit.
524 4065 585 4120 Vid.
600 4081 625 4121 et
638 4069 672 4120 cl.
718 4081 802 4123 tentas
814 4071 983 4127 Malobathm
996 4075 1080 4145 Syrio
1093 4095 1140 4150 usp
