2738 4808
292 354 738 424 EPIGRAMMATUM
765 357 862 424 LIB.
891 357 980 423 XII.
1115 353 1160 426 35

486 599 784 688 XXXVIII.

478 834 530 878 ΔΙ)
559 832 790 880 Canonium.

188 1020 263 1094 Hanc
278 1027 330 1119 qui
351 1025 499 1094 femineis
518 1040 696 1117 noctesque
713 1024 845 1118 diesque
864 1024 1028 1094 cathedris

224 1131 337 1200 Incedit
356 1145 426 1199 tota
446 1147 545 1200 notus
562 1134 594 1198 in
611 1131 692 1199 urbe
712 1132 825 1215 nimis,

187 1233 260 1304 Crine
278 1239 404 1322 nitens,
424 1239 518 1331 niger
533 1250 722 1330 unguento,
743 1234 930 1330 perlucidus
946 1252 1052 1324 ostro,

223 1345 279 1411 Ore
295 1359 409 1426 tener,
428 1341 512 1412 latus
531 1358 685 1439 pectore,
704 1367 801 1411 crure
819 1341 949 1437 glaber,

186 1445 264 1518 Uxori
281 1453 337 1545 qui
357 1473 442 1544 saepe
464 1464 527 1518 tuae
544 1474 654 1518 comes
671 1448 841 1543 improbus
860 1451 979 1519 haeret:
1160 1482 1170 1517 s

223 1556 287 1623 Non
305 1570 355 1625 est
374 1555 463 1650 quod
482 1557 616 1640 timeas,
635 1554 803 1640 Candide3
818 1580 886 1624 non
907 1554 1014 1624 futuit.

178 1760 328 1816 demittis...
341 1763 469 1816 cathedris.
480 1764 510 1815 In
523 1764 619 1835 quibus
705 1763 730 1815 3.
742 1763 836 1824 Nitens,
852 1766 926 1833 niger.
935 1764 1001 1817 Nam
1011 1764 1176 1834 nigrescebat

150 1836 219 1892 [enine
230 1841 361 1909 ardentes,
372 1842 443 1895 varia
456 1855 483 1896 et
496 1842 530 1895 ad
545 1860 618 1896 auam
664 1843 742 1895 simul
760 1855 787 1901 et
801 1841 958 1913 splendebat
972 1844 1115 1915 unguentis
1131 1843 1176 1897 de·

149 1920 295 1987 rempublicam
321 1923 485 1994 petinentia
508 1925 618 1976 miscent
664 1921 746 1975 libata
760 1923 891 1987 caulem
904 1924 972 1977 sicut
985 1941 1077 1994 sopra,
1091 1924 1173 1995 epigr.

149 1996 251 2070 ulmeio.
262 2001 305 2055 Sic
315 2001 365 2054 lib.
373 2003 432 2065 lll,
445 2002 527 2073 epigr.
537 2020 619 2067 urm
665 2001 838 2073 xv11,·Nigra
855 2021 969 2056 amomo.
982 2029 992 2048 υ

149 2081 248 2143 marlae
276 2082 355 2134 brace
384 2078 459 2152 ἔδρας
485 2082 620 2134 Iuvenalis
707 2087 732 2143 4.
763 2081 863 2135 Glaber.
890 2083 1010 2153 Dropace
1034 2079 1172 2152 depilatus.

149 2155 201 2210 *alli
210 2158 269 2213 dixit
280 2173 329 2215 eat.
343 2161 460 2232 v1‚91.
665 2161 728 2213 Lib.
747 2162 789 2223 11,
802 2161 885 2232 epigr.
901 2179 981 2224 xxix,
992 2180 1029 2214 va.
1048 2165 1076 2214 6.

175 2255 192 2287 t.
207 2239 306 2304 taedii,
324 2241 394 2294 sorte
414 2241 510 2294 melius
529 2242 618 2311 legen·
706 2244 731 2292 t.
747 2241 802 2292 Non
817 2241 903 2306 futuit.
920 2243 978 2309 Ipse
996 2253 1035 2294 eet
1054 2241 1124 2293 inter
1139 2240 1176 2292 ci·

149 2309 191 2367 ltu
207 2334 263 2374 aaa
282 2320 378 2372 insedit.
392 2320 496 2392 Nempe
511 2321 618 2372 mollem
665 2319 754 2372 nrador
776 2320 842 2372 loasa
864 2319 985 2391 parthica,
1009 2321 1050 2372 vel
1073 2319 1177 2391 turpius

150 2396 281 2452 amatum
297 2400 430 2469 intelligit.
665 2397 773 2470 aliquid.
784 2398 847 2451 Vid.
864 2400 881 2452 I.
896 2399 937 2463 11,
952 2418 994 2471 ep.
1008 2418 1111 2464 xxarrr,
1126 2411 1177 2453 etc.

521 2601 767 2688 XXXIX.

493 2837 536 2880 ln
564 2835 795 2881 salientum.

247 3029 314 3094 Onr
331 3041 382 3112 te,
404 3025 479 3118 quia
499 3021 604 3092 bellus
623 3048 675 3108 es,
694 3019 831 3091 Sabelle.

247 3133 312 3201 Iles
332 3144 382 3201 est
402 3129 516 3224 putida
538 3126 663 3213 bellus,
682 3142 714 3197 et
731 3126 895 3211 Sabellus;

247 3237 371 3306 bellom
391 3236 534 3330 denique
555 3234 659 3322 malo,
680 3259 779 3328 quam
799 3233 975 3303 Sabellum.

173 3463 194 3496 r.
207 3447 302 3500 Sabelle.
321 3445 456 3500 Sabellum
475 3444 548 3497 hunc
563 3462 625 3515 per·
670 3462 700 3496 ac
710 3443 825 3515 pulchro
835 3441 1053 3508 immoremini
1063 3443 1181 3518 denique

138 3522 402 3589 rrinrmrlib.V11‚
424 3524 508 3596 epigr.
532 3540 626 3588 cxxxv,
672 3523 781 3576 exitium
793 3521 964 3593 imprecatur.

138 3602 194 3675 {aad
212 3606 269 3658 teta
287 3603 424 3676 scripsisse
440 3605 627 3675 epigrammata
714 3621 739 3656 a.
761 3603 808 3653 aas
828 3614 863 3652 est
882 3601 984 3672 putida,
1005 3615 1055 3656 etc.
1075 3603 1137 3658 Lib.
1156 3605 1183 3670 1,

138 3683 173 3737 ibi
184 3685 256 3740 vitae
269 3697 317 3739 eat.
334 3685 414 3738 Nunc
429 3683 468 3736 itti
484 3681 582 3753 aaepiaa
597 3683 625 3735 in
672 3681 756 3754 epigr.
777 3702 801 3733 x.
822 3680 905 3751 Quare
924 3682 993 3735 bene
1013 3695 1040 3736 et
1060 3684 1184 3754 preclare

138 3782 280 3837 angerent
290 3761 366 3837 quod
378 3762 515 3817 affectabat
530 3762 625 3824 tellum,
671 3764 776 3834 quamvis
789 3759 856 3813 nobis
871 3780 933 3832 soepe
945 3761 1057 3824 dicotur,¹
1072 3763 1143 3816 Belle
1158 3777 1185 3815 et

138 3844 250 3900 abellam
264 3842 497 3917 pronuntiatem
511 3839 574 3895 odio
586 3840 628 3895 di·
672 3841 764 3895 ieative
780 3844 876 3893 nimiam
892 3861 954 3912 περι
969 3843 1039 3904 nolo,
1058 3854 1109 3895 etc.
1127 3841 1183 3895 Cic.

138 3943 216 3991 nam,
231 3922 375 3998 putidam,
390 3934 417 3975 et
436 3934 538 3976 matum
559 3921 629 3974 bello
674 3921 729 3985 111,
745 3919 778 3973 de
794 3919 917 3973 Oratore.

138 4007 264 4069 riderem,
275 4003 471 4074 qaanmmipae
481 4001 555 4053 belias
568 4000 630 4053 hono
717 4000 743 4051 3.
763 3999 859 4052 Bellum
878 4000 986 4070 deniqne.
1007 3999 1092 4052 Bellias
1113 3999 1184 4053 enim
1241 4042 1251 4053 .

984 4103 1027 4174 3.
