2738 4808
224 398 671 471 arianimirum
698 400 794 467 nra.
822 396 912 469 x11.
1084 398 1104 469 3
1137 380 1140 387 '

70 545 253 627 qantantum
268 530 412 627 apud¹te
421 555 488 600 non
499 529 742 626 periclitantur,
753 528 938 626 diligenter²
948 533 1108 603 aestimare

70 651 99 707 et
111 652 246 708 excutere
262 662 333 708 non
351 637 517 734 graveris3
533 650 586 724 et,
604 637 693 733 quod
706 637 766 706 tibi
777 623 1022 706 difficillimum³
1038 652 1109 723 est,

70 742 105 813 tle
119 745 202 838 nugis
220 745 343 815 nostris
364 742 492 838 judices
514 743 620 812 nitore
639 730 813 837 seposit0⁴‚
834 769 877 814 ne
900 744 1061 832 Romam,
1079 747 1107 815 si

70 834 324 938 iledecreveris⁵,
345 875 415 919 non
429 835 695 943 Hispaniensem⁶
705 847 825 917 librum
844 851 1031 934 mittemus,
1049 850 1108 919 sed

69 956 238 1051 llispanum.

67 1162 172 1229 deantes,
192 1176 236 1219 ant
258 1165 341 1236 longo
361 1163 502 1231 intervello
522 1162 556 1216 ad
601 1180 658 1233 qno
667 1161 821 1233 rigidiorem
832 1182 893 1234 agas
905 1163 1110 1229 censoremdi·

66 1245 251 1301 uenientes.
599 1240 700 1312 judices
714 1261 748 1295 an
766 1244 876 1296 Romam
892 1243 962 1296 uitii
979 1257 1112 1298 mereatur

96 1325 269 1379 immam
280 1323 359 1392 «pud,
371 1333 423 1376 etc.
440 1321 502 1377 Non
514 1340 556 1375 so·
601 1319 724 1375 liberhic
739 1321 769 1374 in
785 1321 914 1393 Hispania
929 1323 1054 1395 scriptun

62 1401 107 1457 lm
116 1402 184 1476 epod
197 1417 223 1457 te
231 1402 278 1457 oni
289 1403 347 1456 hec
356 1401 459 1466 inibo,
470 1399 518 1455 ced
531 1413 556 1454 et
642 1406 668 1464 4.
680 1401 765 1453 Nitoia
779 1406 889 1473 seposito.
904 1401 1023 1456 uadem
1038 1416 1111 1456 recte

60 1481 120 1553 apud
130 1483 194 1537 alios
206 1482 305 1553 quibas
319 1494 428 1552 propter
440 1492 467 1533 te
479 1481 556 1534 inno·
600 1479 716 1533 nitorem
728 1479 830 1534 referre
842 1479 948 1535 videtur
960 1481 993 1534 ad
1005 1482 1111 1554 elegan-

60 1575 155 1615 tesoent.
171 1563 222 1614 Vel
239 1579 247 1614 :
263 1561 327 1614 Non
341 1572 444 1614 tantam
462 1559 557 1630 judieii
601 1559 665 1612 tiam
680 1571 707 1612 et
720 1559 926 1626 humanitatem,
939 1579 1019 1632 qnam
1039 1563 1111 1615 Pris-

59 1655 79 1695 et
97 1660 211 1695 ornam
240 1639 389 1711 periculum
415 1637 488 1710 apud
514 1651 557 1703 te,
601 1657 649 1690 cns
673 1636 708 1690 ad
727 1640 842 1692 carmina
865 1639 994 1694 Martialis
1016 1641 1111 1695 atterre

57 1723 121 1791 cnjus
129 1719 245 1774 candore
257 1720 340 1772 fretus
352 1738 425 1784 aum,
435 1718 557 1780 inibunt,
601 1717 711 1770 solebat.

56 1813 175 1871 qnantum
205 1796 278 1871 apud
306 1798 370 1850 alios
400 1817 456 1850 non
485 1815 558 1868 seque
643 1797 669 1850 5.
691 1798 845 1850 Decreveram
864 1798 966 1850 Beverl.
981 1827 1021 1841 -·
1034 1797 1064 1852 Si
1075 1801 1110 1850 ita

57 1898 133 1952 eqnoe
148 1891 176 1932 et
192 1875 479 1931 candidos-Melius
490 1876 559 1942 hoc,
602 1876 737 1929 decreveris.
756 1876 783 1928 Si
807 1889 836 1929 tn
859 1876 992 1930 censueris
1012 1877 1112 1931 librum

56 1978 101 2012 non
116 1971 207 2012 tamen
223 1957 366 2028 optimum.
381 1956 449 2009 Nam
465 1974 559 2009 sensus
602 1955 674 2008 hunc
687 1953 798 2025 (lignum
812 1955 860 2027 qui
870 1957 982 2009 Romam
992 1955 1092 2010 videat.

58 2039 151 2092 aiffa
163 2037 237 2091 solua
247 2037 283 2088 ita
295 2053 338 2088 me
347 2035 483 2100 amas,ita
492 2034 558 2087 mihi
643 2037 670 2087 6.
698 2035 756 2087 Non
782 2033 1027 2106 Hispaniemem.1‹l
1049 2049 1113 2101 est,

58 2117 171 2178 lavennt
185 2115 332 2168 versiculos
339 2114 388 2166 hos
398 2114 559 2186 qualescum-
602 2113 729 2185 scripturn
744 2113 772 2164 in
788 2113 930 2185 Hispania,
942 2112 990 2167 sed
1003 2130 1113 2185 prorsus

58 2214 101 2267 qne
116 2214 191 2250 rneoe
212 2192 358 2264 indulgens
373 2193 494 2264 accipias.
507 2193 559 2247 En.
604 2192 769 2263 Hispanum,
780 2209 828 2245 sen
843 2193 1016 2263 inelegantem
1030 2206 1058 2248 et
1069 2213 1113 2247 ru·

93 2296 116 2327 a.
130 2277 282 2328 Existimnre
296 2274 401 2326 Beverl.
603 2270 674 2324 dem.
695 2271 879 2342 Hispaniensis
900 2284 987 2324 autem
1008 2285 1048 2326 est
1068 2273 1113 2327 ille

89 2356 114 2408 3.
133 2355 210 2424 Quod
232 2352 278 2405 tibi
298 2351 483 2422 difficillimum,
509 2365 559 2405 ete.
604 2351 653 2422 qui
663 2350 998 2422 incolitllispaniam,licet
1006 2351 1113 2406 aliunde

60 2431 129 2486 Solita
147 2432 334 2487 benevolentia
353 2445 378 2483 et
399 2432 488 2484 innata
508 2431 560 2483 hu·
604 2428 794 2483 oriundussit:
805 2430 937 2501 Hispanus
948 2433 1114 2484 veroestille

60 2514 188 2579 uanitate,
207 2513 307 2585 quibas
325 2529 371 2563 me
390 2510 560 2582 pertinaciter
604 2509 650 2580 qui
669 2521 803 2562 natusest
823 2510 851 2561 in
872 2509 1015 2580 Hispania,
1033 2529 1112 2581 quem

62 2593 230 2665 prosequeris,
244 2588 277 2644 ad
293 2603 399 2662 tempus
415 2588 561 2661 depositis,
604 2589 650 2641 bic
661 2587 742 2642 snmit
754 2606 805 2658 pro
816 2589 930 2642 barbaro
942 2601 969 2642 et
981 2589 1092 2644 inculto.

567 2797 601 2879 I.

432 3030 483 3073 An
512 2996 736 3073 nuatum*

110 3221 218 3288 iterra
236 3217 315 3286 dum
336 3229 481 3300 cessant,
499 3213 735 3304 latratoresque
756 3210 908 3300 Molossi,

160 3328 203 3393 Et
221 3349 289 3393 non
309 3324 444 3390 invento
465 3317 556 3412 sylva
573 3319 709 3412 quiescit
730 3341 829 3411 apro:

15 3458 20 3563 Ι
112 3432 204 3515 Otia,
223 3430 351 3514 Prisce,
370 3425 462 3494 brevi
480 3426 604 3519 poteris
622 3423 746 3492 donare
767 3421 884 3492 libello.

102 3640 112 3659 '
126 3640 156 3691 ln
176 3637 238 3693 edd.
260 3651 325 3691 vett.
347 3636 447 3690 omnib.
470 3635 566 3706 legitur
611 3630 728 3685 Videtur
741 3632 820 3685 fuisse
837 3651 884 3685 ver
901 3636 942 3687 vel
959 3649 1114 3703 autumnus,

69 3720 109 3770 Ad
119 3720 237 3772 Priscam.
611 3712 787 3782 nequeenim
803 3713 876 3766 horae
897 3716 991 3769 estivo
1005 3733 1116 3783 nocent,

100 3833 136 3843 -
146 3800 260 3853 Librm
272 3797 364 3850 Prisco
376 3794 456 3847 ollert
469 3811 568 3865 oppor-
612 3804 639 3843 et
654 3809 781 3861 aprorum
797 3793 930 3846 venationi
944 3795 1054 3851 inservit
1064 3819 1118 3853 me-

66 3889 124 3932 tnne
133 3876 285 3950 legandum.
613 3871 683 3922 xime
696 3870 937 3925 hieme-Molossi.
950 3875 1038 3928 Canes
1049 3896 1119 3932 acer.

104 3977 127 4012 ι.
146 3959 219 4011 Retia
237 3957 308 4018 dm,
328 3967 379 4008 ete.
399 3954 470 4007 Dum
488 3965 571 4006 cessat
613 3950 689 4012 rimi,
700 3949 839 4004 sicdictia
854 3951 975 4006 Molossis
988 3956 1060 4025 Epiri
1072 3978 1119 4028 po.

66 4036 173 4092 emendi
186 4035 307 4091 entium
321 4031 445 4106 perenni
458 4045 571 4103 ternpus.
614 4029 699 4100 parlin,
716 4029 763 4082 nbi
779 4042 854 4082 erant
865 4032 967 4101 optimi.
