2542 4822
165 354 234 425 158
442 359 488 424 M.
509 360 616 425 VAL.
645 358 943 425 MARTIALIS

602 586 778 675 CXIX.
848 644 851 653 -

525 819 850 865 NOMENTANUM.

211 1010 442 1077 Nounnmun
463 1032 573 1076 meum
593 1008 652 1076 tibi
670 1007 728 1075 dot
744 1007 909 1075 vindemia
924 1007 1104 1095 Bacchum

264 1116 297 1181 Si
317 1127 347 1180 te
364 1115 508 1201 Quintus
523 1129 636 1197 ¹amat,
655 1113 882 1181 commodiora
903 1112 1006 1181 bibes.

197 1326 416 1413 ’Νωμεντανὸς
436 1325 507 1412 ἐμὸν
530 1314 603 1388 τόδε
622 1322 670 1388 σοὶ
688 1321 762 1412 μέθυ
781 1313 860 1387 δῶκε
879 1323 1040 1415 epu-sunit·

260 1429 299 1493 Ei
315 1422 437 1513 Koiveto
453 1427 537 1519 φίλος
556 1424 596 1510 ei,
611 1425 755 1519 λωΐτερόν
773 1453 806 1493 κε
823 1425 914 1504 πίοις.

203 1657 226 1690 1.
245 1639 405 1691 Nomentana.
425 1640 465 1691 De
488 1638 586 1690 vitibus
611 1639 667 1690 No·
711 1638 907 1691 Nomentanum
916 1636 1129 1691 M.V.Mminlitt

158 1716 288 1773 mentonis
296 1717 459 1788 agitPlinius
468 1717 514 1769 lib.
524 1718 601 1782 XIV,
609 1736 666 1789 cap.
712 1717 846 1781 Quintum
861 1716 952 1769 villam
967 1716 1129 1781 babuinm

161 1819 187 1850 π.
210 1799 249 1850 De
271 1817 335 1868 agro
359 1816 407 1849 suo
428 1796 595 1850 Nomentano
613 1799 668 1867 egit
712 1814 777 1849 uum
792 1796 961 1867 praestantius
979 1792 1129 1868 κυφαὶ

159 1878 239 1931 Poeta
252 1878 298 1929 lib.
314 1878 327 1928 1
338 1914 346 1939 ‚
360 1877 444 1947 epigr.
459 1894 519 1940 cvi,
534 1877 581 1929 lib.
594 1878 666 1939 VH,
711 1876 815 1946 gentius
823 1888 850 1928 et
861 1875 963 1946 magnis
974 1876 1063 1929 sorau
1073 1892 1129 1944 etin!

158 1958 242 2029 epigr.
257 1974 337 2010 xciii.
347 1957 386 2009 Ex
398 1974 454 2026 quo
462 1968 581 2019 constat,
591 1957 667 2026 juxta
712 1973 805 2024 agrum
818 1956 916 2008 coleret
928 1953 1013 2009 ditior
1021 1952 1129 2021 Quintut

613 2163 764 2251 CXX.

535 2365 838 2441 monentium*
934 2464 937 2469 Ι

210 2587 264 2653 Dn
286 2582 462 2678 Spoletinis
483 2609 556 2679 quae
578 2599 655 2653 sunt
675 2588 802 2654 cariosa
825 2585 949 2679 lagenis

263 2687 441 2772 Malueris‚
454 2715 554 2783 quam
573 2693 599 2759 si
620 2705 728 2761 musta
746 2691 884 2760 Falerna
903 2692 1009 2760 bibas.

199 2868 375 2941 ‘Spoletinum
392 2872 423 2922 In
439 2872 552 2924 Umbria
571 2873 665 2944 populi
754 2891 777 2924 1.
795 2873 1027 2927 Cariosa.Vetustn
1049 2884 1074 2924 et
1099 2891 1128 2925 ru

157 2965 219 3005 sunt
232 2951 377 3023 Spoletini,
390 2948 471 3002 hodie
484 2951 597 3021 Spoleto,
614 2971 666 3004 un·
710 2953 764 3004 sive
777 2953 916 3018 malueris,
932 2970 1025 3016 coeno,
1040 2953 1126 3005 subulo

158 3032 192 3085 <lo
205 3032 298 3083 vinum
308 3032 415 3082 allatum
428 3049 442 3081 e
454 3043 583 3084 vetustate
593 3050 666 3084 com·
711 3045 738 3085 et
750 3050 904 3085 araneorum
916 3032 969 3085 fitis
982 3029 1104 3085 obducta.
1117 3032 1129 3083 l

158 3110 265 3164 mendat
291 3101 394 3163 Poeta':
421 3129 470 3163 noc
496 3111 584 3162 minus
611 3130 666 3163 eme
710 3110 745 3163 de
754 3112 816 3164 vino
825 3111 890 3165 dicit
903 3110 976 3182 quod
988 3109 1022 3164 de
1031 3112 1129 3182 lagena:

159 3191 236 3243 dulce
261 3190 297 3241 nit
317 3208 396 3260 quam
416 3189 559 3242 Falernum
576 3208 667 3244 recens
711 3204 738 3244 et
749 3192 860 3263 proprie
876 3190 1017 3244 diceretur.
1031 3190 1128 3243 Eo.-

158 3288 308 3342 expressum
329 3270 370 3321 vel
392 3268 541 3322 decoctum.
565 3269 668 3324 Plinius
712 3268 1052 3342 nis.Vasvinarium,quod
1062 3267 1129 3322 modi

158 3351 205 3402 lib.
231 3350 307 3412 XIV,
332 3350 667 3419 cep.19:·Decoquitur
712 3365 750 3402 sta
766 3350 845 3403 siebat
861 3348 1048 3421 (symposius,
1061 3347 1129 3402 del·

159 3420 316 3493 (mustum)
336 3440 365 3479 ut
390 3426 521 3480 dulcescat
546 3429 668 3498 portione
714 3431 818 3482 «Mater
844 3443 899 3484 erat
923 3429 1029 3492 Tellus,
1048 3428 1129 3499 genito

161 3510 275 3572 virium,
290 3527 338 3559 nec
355 3507 452 3560 durare
467 3508 534 3560 ultra
548 3526 667 3560 annuum
714 3510 770 3579 ipse
785 3508 1129 3578 Prometheus‚Aurtculen

160 3591 273 3661 spatium
300 3589 351 3639 tale
375 3585 509 3656 proditur.
530 3588 669 3657 Aliquibus
713 3601 778 3659 gunt
804 3586 934 3641 redimito
949 3600 1044 3641 ventre
1063 3598 1129 3639 cavet

160 3673 187 3722 in
200 3669 262 3720 loeis
276 3666 430 3737 decoquunt
443 3664 475 3717 od
490 3686 563 3738 supas
575 3681 668 3731 musto,
714 3667 849 3721 intemlum
861 3687 893 3720 ex
907 3667 958 3720 filis
969 3665 1087 3721 iudicum
1096 3678 1129 3719 tut

160 3749 308 3818 infusisque
320 3748 361 3798 liis
374 3747 498 3798 ferociam
515 3747 665 3816 frangunt.»
714 3762 769 3799 tum
782 3748 942 3799 silvestrium
956 3738 1129 3814 arborumll'l

163 3831 305 3882 Athenaeus
328 3825 362 3878 de
389 3826 439 3878 hoc
467 3827 530 3877 vino
551 3826 669 3897 loquitur
714 3828 761 3879 lib.
776 3827 881 3884 XXXI,
896 3845 952 3896 cap.
972 3824 1034 3890 nti).

161 3926 278 3979 qnoque,
288 3920 313 3959 et
325 3898 582 3976 ait:«s·potetini1m,
593 3905 670 3960 dulce
757 3928 782 3959 π.
799 3907 888 3958 Masta.
899 3904 1016 3976 Legend.
1027 3924 1057 3958 ex
1068 3916 1129 3958 vet«

160 3991 268 4051 liaustu,
282 3988 371 4041 colore
386 4004 475 4038 nureo.
488 4010 498 4030 ι
715 3991 786 4036 mina
802 3999 876 4038 notat
891 3984 1037 4038 Flosculus.
