2542 4822
169 361 219 456 98
437 359 483 425 Μ.
511 358 618 426 VAL.
647 355 939 425 MARTIALIS

623 583 763 668 §llll

620 784 766 861 serm*

221 1006 276 1073 Ur
291 1003 420 1097 sapiant
434 999 531 1069 satuae
548 998 716 1067 fabrorum
732 999 872 1093 prandia
885 1001 986 1083 betae,

272 1112 304 1178 Ο
327 1132 426 1202 quam
449 1130 535 1200 saepe
552 1118 643 1200 petet
663 1107 739 1173 rina
759 1106 918 1199 piperque
938 1103 1078 1202 coquus!

219 1284 297 1399 (lpp’
318 1301 353 1395 ἦ,
372 1303 528 1373 τεκτονικὴ
548 1292 634 1382 δαὶς,
654 1302 772 1391 uic-opu
790 1306 920 1383 τεῦτλα,
941 1299 1078 1396 μάγειρος

269 1409 422 1486 necesso
445 1406 560 1482 αἰτήσει
578 1405 630 1472 καὶ
647 1405 721 1498 μέθυ
739 1406 790 1472 καὶ
808 1400 935 1499 πέττριῖ

205 1600 216 1623 “
229 1608 260 1657 lu
270 1601 377 1675 hisquae
388 1600 542 1674 praecedunt
551 1614 578 1654 et
588 1601 671 1654 libelli
714 1600 846 1656 Caeterum
857 1599 894 1655 de
907 1603 970 1657 beta
980 1603 1023 1656 rel
1034 1602 1090 1657 elba
1098 1620 1116 1655 n

166 1684 271 1739 initium
286 1682 406 1736 efficiunt
422 1680 670 1752 epigrammatibus,
713 1680 811 1752 guinea
828 1679 893 1734 vide
906 1678 1075 1737 discedentem
1084 1681 1116 1735 ln

165 1764 329 1817 enumeravit
342 1774 420 1834 poeta
431 1772 519 1813 noster
533 1759 671 1831 plerasque
713 1760 895 1832 Rruyeeinum
907 1759 956 1815 lib.
971 1762 1113 1835 Vlll,eap

166 1844 269 1914 fruges,
283 1841 391 1903 larinas,
410 1840 540 1892 frumenta
563 1851 590 1890 et
613 1858 671 1910 quae
713 1839 848 1893 Fabiam.
867 1840 982 1911 prandia.
996 1840 1116 1895 Fabausb

165 1941 214 1976 uos
219 1921 311 1992 gallice
321 1920 420 1973 ee're'ales
430 1918 602 1990 appellamus,
610 1936 670 1971 cum
713 1918 796 1973 minat
809 1934 841 1975 ut
851 1918 985 1973 artificum
1001 1919 1116 1975 misertim

165 2001 333 2056 aromatibus.
346 1998 452 2052 Transit
467 2015 540 2050 nune
552 1995 585 2049 ad
596 1998 670 2068 legu-
713 1998 913 2070 pauperrimum
930 2017 1062 2071 quemque
1076 2018 1106 2055 ex

163 2080 250 2145 mina,
264 2092 292 2132 ct
305 2078 438 2133 cireahee
446 2094 495 2149 per
507 2095 601 2129 norem
613 2077 670 2148 epi·
713 2078 800 2147 plebe.
814 2076 895 2132 Unde
906 2096 999 2133 sensus
1010 2078 1054 2133 bie
1067 2090 1115 2139 nt.

164 2171 307 2231 gremmma
321 2157 400 2211 ludit.
414 2158 465 2210 Eo.
714 2155 792 2209 vilior
803 2170 831 2211 et
841 2157 937 2211 lerion.
950 2158 1116 2231 Namquebel

203 2238 361 2290 -Nullam
374 2238 403 2289 in
418 2237 469 2289 hoc
483 2234 670 2306 epigrammate
713 2236 826 2290 tensium
852 2237 985 2291 levissima
1011 2252 1064 2303 est,
1088 2256 1116 2293 aa

162 2316 303 2372 scribendo
312 2314 591 2386 varietatemproduut
599 2316 670 2379 libri,
712 2319 819 2381 τεῦτλον,
827 2328 855 2369 et
865 2315 996 2371 ditiorum
1008 2316 1111 2383 mensis,

165 2397 219 2451 eive
242 2395 428 2467 manuscripti,
448 2394 504 2448 sire
524 2393 606 2465 praelo
625 2413 669 2447 er·
711 2393 898 2461 condimento,
911 2397 1116 2471 minusapposin

164 2476 228 2530 cusi.
711 2473 878 2544 plebeiorum
900 2475 1040 2531 bominum
1064 2488 1116 2530 etl

209 2572 234 2608 r.
245 2554 388 2624 Utsapione.
401 2552 669 2623 lloeest‚utsaporia
711 2571 780 2607 rum.
795 2553 877 2608 Unde
895 2554 1014 2619 Persius,
1031 2562 1081 2609 Sat.
1096 2556 1116 2607 ll

166 2632 293 2705 quiddam
303 2629 668 2701 habemt‚etedentisgu1am
716 2632 768 2685 113
790 2645 817 2686 et
831 2640 909 2697 114:
922 2656 934 2679 ι
946 2649 1039 2689 seuero
1055 2634 1112 2688 latet

162 2713 307 2767 leviuscule
318 2712 408 2765 saltem
417 2712 561 2765 stimulent.
571 2711 669 2781 lusipi·
711 2710 740 2762 in
758 2730 805 2765 ore
829 2714 928 2778 Putre,
942 2712 1017 2786 quod
1034 2712 1116 2768 hanla

164 2790 669 2864 dequippesuntbete‚niaibeneeon·
710 2790 813 2860 plebeia
833 2789 928 2847 radere
944 2794 1014 2848 beta.
1024 2818 1038 2843 ι
1054 2790 1116 2847 Eeb

164 2870 359 2926 dianium-Et
368 2867 476 2941 quidem
487 2870 522 2922 ila
534 2867 668 2940 insipide,
710 2869 777 2930 sius,
799 2871 915 2943 AEnigm.
934 2872 986 2935 lv,
997 2874 1096 2945 jocatus
1105 2870 1116 2925 i:

163 2966 194 3006 ut
214 2952 340 3005 usitatum
358 2948 457 3003 Graecis
480 2949 560 3002 luerit
579 2947 668 3003 dicere
710 2967 771 3001 men
786 2951 853 3016 βῆτα
865 2952 993 3022 legumini
1003 2951 1112 3005 simulet

163 3050 214 3103 pro
224 3032 309 3093 stuba,
316 3030 407 3097 salisa,
423 3047 489 3080 uasa
501 3028 609 3096 efferim,
622 3030 667 3093 βη-
709 3046 850 3083 commune
867 3048 876 3081 e
897 3056 908 3077 ι
920 3031 990 3085 Tot·
1010 3048 1089 3087 vm
1104 3048 1116 3103 p

163 3114 245 3172 τίζιιν.
253 3111 382 3180 Diogenes
392 3108 509 3179 Cynicus
521 3108 621 3160 solebat
628 3106 668 3160 di·
709 3106 756 3160 sed
771 3126 825 3161 non
838 3127 899 3163 sum
918 3120 974 3165 tola
990 3110 1071 3165 latine
1081 3110 1116 3165 :l

162 3206 240 3243 cere:
255 3214 267 3237 ι
279 3188 357 3242 Canis
369 3206 423 3240 non
443 3187 560 3240 rescitur
573 3187 642 3241 beta.
651 3213 663 3234 ι
708 3186 783 3241 ribus
794 3206 898 3261 semper
907 3206 1116 3262 proponam

162 3270 224 3334 Quo
233 3266 344 3321 dicterio
357 3286 412 3321 non
423 3266 503 3320 vilem
513 3279 540 3319 et
552 3266 615 3337 ipsis
623 3284 666 3321 ca·
708 3266 806 3321 bernis.
814 3295 827 3314 ι

162 3348 361 3419 uibusaprelam
369 3344 666 3411 belamindicabat,sed
751 3365 776 3400 a.
788 3346 858 3418 Soepe
874 3350 939 3419 pecie
955 3350 1025 3402 viee.
1044 3346 1116 3405 ΔΜ

162 3426 261 3480 nullius
269 3427 378 3498 saporis,
384 3424 573 3498 quasidixisaet
582 3442 589 3477 ε
598 3425 667 3495 -cy·
708 3442 774 3478 num
782 3427 858 3492 beta,
871 3440 899 3481 et
911 3428 1001 3482 betam
1008 3429 1111 3493 rium

162 3506 254 3558 micum
272 3502 375 3566 (eadem
394 3524 490 3576 nempe
513 3523 577 3558 roce
595 3504 665 3557 cunis
708 3504 780 3557 enim
800 3506 886 3568 bern,
904 3506 974 3561 foliis
996 3508 1026 3561 in
1044 3507 1116 3563 doliu

162 3598 190 3639 et
206 3585 321 3655 Cynicus
338 3584 439 3649 latine,
463 3602 545 3654 graece
563 3586 664 3644 Κυνικὸς
709 3584 817 3648 mersis,
832 3586 925 3639 vinum
944 3588 1089 3643 restituitur
1103 3604 1116 3639 ι

160 3666 284 3735 pslo'oepoc
297 3660 409 3726 eteius)
422 3681 477 3716 non
494 3663 588 3717 decent
605 3682 664 3734 quae
708 3661 748 3715 dit
760 3663 876 3730 Plinius,
892 3666 921 3719 in
934 3665 983 3722 lib.
1001 3666 1085 3731 m,
1099 3682 1116 3721 fl

160 3744 218 3798 aine
233 3744 351 3795 acumine
365 3754 392 3795 et
405 3742 431 3795 ri
445 3741 532 3795 edulia
545 3756 614 3796 suut.
630 3742 664 3795 ld
708 3741 773 3794 Vid.
787 3757 907 3814 preterea
920 3744 955 3799 de
967 3745 1022 3800 boo
1034 3744 1116 3819 Apidl

158 3834 247 3878 aulem
269 3835 405 3893 sumptum
431 3840 446 3874 a
470 3823 583 3894 maligno
605 3822 663 3874 uiro
708 3823 764 3887 111,
777 3824 1116 3897 cap.9,quitamenadou

158 3906 330 3974 ἀλληγορικὼς,
345 3914 375 3954 ut
390 3902 467 3956 stultu
483 3917 509 3957 et
523 3921 589 3955 vana
608 3920 662 3954 res·
707 3898 768 3955 dam
787 3904 876 3956 betam
897 3922 949 3957 nee
962 3904 1116 3978 piperism

156 3980 263 4055 pucnda
288 3980 422 4053 discipulis
453 3982 506 4035 suis
531 3982 660 4035 innueret.
704 3982 869 4037 mentionem
881 3983 1052 4040 [solemio.
