2542 4822
195 372 265 418 100
470 348 513 413 Μ.
531 345 639 413 vtL.
669 341 967 413 MARTIALIS

663 571 793 657 XVI.

648 776 793 851 ispa*

233 997 316 1064 Hac
334 992 394 1062 tibi
413 990 553 1060 brumali
573 990 750 1087 gaudentia
768 990 890 1084 fn‘gore
910 1015 990 1087 rapa

285 1101 369 1189 Quae
386 1098 520 1185 damus,
539 1098 572 1167 in
591 1096 670 1167 caelo
686 1093 848 1166 Romulus
866 1120 937 1167 esse
954 1096 1047 1166 solet.

230 1294 274 1386 Ᾰς
293 1333 340 1374 σοι
356 1298 541 1404 γογγυλίδας
562 1309 722 1401 χαιρούοοις
744 1303 834 1399 ψύχεϊ
851 1307 981 1398 πέμπω,

281 1404 383 1480 Τοῖσδε
406 1416 474 1505 μετ’
492 1413 633 1507 οὐρανίων
652 1398 797 1505 Ῥωμύλος
819 1411 961 1480 istaec.

214 1614 226 1639 '
239 1622 317 1675 Nulla
328 1620 357 1674 in
370 1621 424 1674 hoc
439 1621 627 1692 epigrammate
638 1637 681 1673 ex·
723 1622 764 1674 lus
774 1619 860 1675 libens
869 1633 1000 1674 vescatur.
1007 1652 1049 1665 -
1057 1604 1101 1675 sie

173 1698 292 1755 hibendo
301 1699 521 1771 deprehenditur,
535 1699 590 1753 sive
600 1718 681 1752 mem·
723 1699 775 1753 Sed
790 1699 885 1754 melius
897 1699 933 1753 de
943 1712 1099 1772 paupertate

172 1783 333 1848 bream,
352 1780 407 1835 sive
425 1797 580 1834 excusorum
597 1779 681 1832 libro·
723 1781 776 1833 culi
788 1779 932 1851 intelligas,
947 1798 1003 1852 qno
1016 1782 1104 1835 aona

172 1879 231 1915 mm
245 1861 364 1914 varietas.
722 1871 779 1927 rat,
797 1860 871 1932 quasi
883 1859 1104 1915 nimimminoet

213 1958 238 1993 t.
251 1939 390 1995 candentia
394 1941 497 2010 frigore.
508 1938 569 2004 Quo
581 1955 678 2009 nempe
721 1939 787 1992 cibis
802 1938 918 2004 victitet,
933 1939 1030 2011 quibas
1047 1940 1076 1994 itt
1091 1953 1104 1996 t

171 2017 290 2073 dulciora
304 2019 376 2072 fiunt
389 2032 417 2073 et
430 2021 538 2091 majora.
551 2017 616 2070 Vid.
631 2037 677 2071 co·
720 2020 808 2071 batur.
819 2018 940 2090 Namque
951 2017 1104 2074 credidisse

168 2099 242 2171 piose
255 2099 317 2153 satis
330 2097 366 2153 de
376 2100 407 2153 iis
418 2096 510 2153 dicens
519 2097 620 2151 Plinius
627 2098 677 2150 lib.
720 2097 802 2152 Prisci
814 2116 870 2151 non
886 2111 991 2153 tantum
1005 2112 1104 2155 noent«

170 2178 283 2244 XVIII,
297 2197 355 2251 etp.
375 2178 420 2232 13.
720 2177 808 2231 brocia
820 2176 885 2231 deos
896 2178 984 2250 posci,
995 2196 1090 2234 vetum
1102 2206 1104 2224 ν

208 2276 234 2311 a.
248 2258 278 2311 la
291 2259 350 2311 calo
363 2258 486 2311 Romulus.
501 2256 567 2310 Tam
585 2253 676 2308 dulcia
720 2255 791 2309 libus
805 2255 963 2328 quibusdam
984 2258 1071 2325 cibis,
1082 2278 1104 2312 ιι·

167 2337 308 2402 nimitum,
321 2350 352 2391 ut
361 2337 439 2393 velia
453 2336 516 2390 eaelo
526 2337 559 2388 iis
574 2337 675 2388 Romu·
719 2334 776 2388 Ium
790 2336 878 2406 rapis,
893 2349 943 2391 ete.
957 2337 1008 2392 Ec.

627 2536 790 2623 XVII.

567 2741 812 2819 concoct*
903 2750 905 2754 '

215 2964 268 3032 Ns
288 2961 346 3031 tihi
365 2958 523 3055 pallentes
540 2971 695 3027 moveant
713 2958 843 3028 fastidia
864 2959 994 3048 caules,

265 3069 395 3138 Nitrata
415 3065 528 3134 viridis
545 3064 688 3135 brassica
707 3063 765 3134 fiat
783 3089 876 3159 aqua.

214 3281 372 3368 Ναοτιάορν
391 3272 528 3369 κροὶριὸης
550 3277 670 3355 θαλλοῖς
688 3276 712 3343 si
731 3269 846 3356 δείδιας
867 3284 994 3371 ὠχροῒς,

265 3377 374 3460 Τεύξαι
395 3407 447 3473 σρι
463 3384 585 3475 χλοερὸν
604 3392 710 3475 χρῶτα
728 3375 869 3477 νιτρῶδες
888 3375 983 3478 ὕδωρ.

199 3580 212 3606 ’
224 3588 346 3645 Fasciculi
358 3586 417 3641 cod.
428 3586 532 3640 Thuan.
748 3607 773 3639 a.
791 3589 884 3640 Vitiata
901 3608 952 3660 pac
966 3590 1081 3653 Nitrata,
1097 3609 1104 3644 t

198 3668 366 3721 -Btassicae
380 3667 447 3732 vim,
461 3665 565 3731 laudes,
576 3665 660 3720 medi·
705 3667 809 3738 proflat
818 3668 874 3723 MS.
883 3669 1104 3724 Beved.-Nitn

158 3747 411 3803 cinamCatodeRe
424 3747 528 3800 Rustica
539 3747 660 3819 cap.156
705 3747 784 3801 Nitao
803 3748 874 3800 enim
895 3749 968 3802 olera
987 3748 1104 3805 viridium

158 3841 356 3882 commemorat.
377 3826 469 3880 cautes
487 3821 577 3887 (unde
598 3827 661 3880 coli·
706 3826 768 3903 de.
783 3825 817 3881 de
832 3829 904 3881 nitsc
917 3830 976 3883 fuae
987 3841 1104 3886 meunt·

157 3909 227 3973 culi,
242 3927 292 3979 pro
307 3903 449 3967 cauliculi)
465 3919 526 3960 tunt
541 3906 661 3961 brassica
704 3906 779 3960 nium
792 3908 839 3961 lib.
852 3908 962 3977 xxxt,
973 3929 1033 3983 cap.
1049 3929 1099 3975 to,

157 3988 346 4057 pminterior.
704 3998 789 4039 turam
804 3991 861 4057 ejus
874 4000 900 4041 et
915 3993 989 4044 dotes
1001 3991 1097 4062 aperit.
