2542 4822
271 334 346 428 296
612 334 993 402 SUPPOSlTlTlA.

320 493 404 562 Sunt
417 494 523 586 Tyriae
543 491 753 585 chlamydes,
769 486 858 560 mille
878 490 1117 575 instrumenta,
1131 486 1245 559 clientes

372 596 442 668 Filo
457 624 467 684 ;
485 598 543 667 sed
564 612 676 666 tamen
697 611 747 667 est
768 620 915 691 paupere
935 596 1123 690 pauperior.

320 706 413 774 Atria
432 720 509 774 sunt
524 703 595 773 Filo
614 701 716 798 regali
737 704 863 773 consita
880 701 990 790 cultu3

373 809 439 879 Sed
460 825 573 880 tamen
593 824 643 879 est
664 805 753 880 Filus
774 832 920 904 paupere
941 807 1129 904 pauperior.

320 917 431 985 Esurit
450 931 550 1011 atque
566 916 657 987 sitit:
673 917 814 1011 gemmis
831 916 1012 985 instructus
1029 927 1066 983 et
1081 937 1179 998 aum,

369 1020 513 1116 Cyclade
531 1023 688 1108 vestitus,
708 1023 811 1091 esurit
828 1035 928 1116 atque
947 1019 1024 1089 sitit.

319 1128 453 1199 Pondus
475 1129 588 1199 adesse
607 1128 717 1214 lamis,
733 1125 839 1222 pallor
856 1128 1044 1221 maciesque
1060 1125 1235 1222 loquuntur:

370 1240 480 1304 Aurea
501 1232 591 1304 bulla
611 1247 729 1329 negat,
748 1233 880 1329 pondus
901 1233 1015 1303 adesse
1034 1231 1139 1304 famis.
1270 1280 1271 1292 κ

318 1343 409 1435 Ergo
431 1342 531 1410 miser
552 1365 587 1410 se
610 1340 745 1410 servitio
763 1365 826 1435 pro
844 1363 931 1434 pane
947 1337 1086 1421 locabit;

370 1446 435 1516 Sed
453 1471 495 1515 ne
511 1448 551 1516 sit
567 1471 699 1534 servus,
714 1469 814 1515 aurea
831 1443 921 1514 hulla
937 1444 1025 1514 faeie

322 1555 357 1622 Si
373 1577 453 1622 vero
467 1577 668 1647 quemquam
682 1550 828 1647 pulsabit
841 1550 990 1646 supplice
1002 1567 1099 1639 voto,

371 1661 420 1728 Ut
437 1683 505 1728 non
520 1673 656 1745 exoret,
671 1659 776 1728 serica
793 1659 894 1729 vestis
910 1657 1014 1728 adest,

315 1766 407 1860 Ergo
426 1788 469 1833 ue
487 1780 623 1859 pereat,
637 1765 695 1835 liet
714 1764 757 1835 de
777 1764 880 1835 divite
897 1787 1041 1860 pauper;

369 1874 499 1965 Pauper
520 1873 607 1940 enim
631 1871 738 1940 factus
759 1871 859 1941 ditior
879 1894 950 1940 esse
972 1884 1092 1966 potest.

731 2154 866 2242 XIV.
921 2213 925 2220 -

676 2445 728 2489 lu
757 2443 911 2490 AULUM.

213 2682 215 2687 ⁴
311 2654 395 2725 Nou
414 2658 562 2751 sanguis,
578 2681 645 2726 nou
666 2658 733 2726 oris
749 2657 876 2743 honor,
893 2681 961 2726 uon
976 2656 1083 2752 gloria
1098 2676 1209 2737 oeneus,

365 2760 444 2830 Non
466 2762 608 2857 gravium
630 2787 763 2833 morum
783 2763 952 2858 proderit,
966 2760 1068 2851 Aule,
1086 2761 1149 2831 tibi.

311 2868 441 2962 Pauper
458 2868 546 2937 enim
567 2881 603 2936 tu
625 2893 755 2963 semper
777 2871 857 2956 eris,
873 2868 951 2964 quia
967 2892 1095 2965 pauper
1109 2891 1142 2936 es
1155 2889 1163 2932 :
1174 2872 1231 2931 elle

366 2972 499 3068 Colligit
521 2972 658 3044 ulterior
674 2973 831 3044 ulteriore
851 2973 982 3071 gradus.

739 3258 846 3344 XV:
902 3304 906 3316 ι

634 3547 688 3590 ΑΒ
717 3545 943 3594 nuenton.

303 3789 493 3854 Pumnrcer
508 3754 749 3879 Hermagoras,
764 3810 833 3854 non
851 3785 1005 3855 omnibus
1022 3808 1090 3857 esse
1106 3771 1245 3879 pusulv

353 3889 447 3985 Elige
467 3889 508 3961 de
527 3888 659 3978 multis,
678 3889 824 3987 Regulo,
839 3894 893 3962 cui
908 3890 1045 3987 placeas.
