2738 4808
147 339 214 413 ¹9²
282 336 287 349 ·
419 318 468 385 Μ.
485 318 592 385 VAL.
622 312 917 384 MARTIALIS

580 546 764 632 XLIX.

549 750 806 825 nannenus*

197 964 294 1052 Qum
313 979 452 1056 pereunt
469 964 570 1033 stulto
585 964 687 1034 fortes
702 962 826 1032 haltere
842 963 980 1033 lacerti?

250 1072 392 1139 Exercet
408 1069 524 1139 melius
538 1073 635 1139 vinea
651 1070 738 1139 fossa
756 1070 853 1138 viros.

190 1280 288 1349 Τίπτι
304 1281 406 1373 μάτην
425 1283 553 1375 ἁλτῆρσι
571 1292 692 1350 nostum
712 1281 868 1373 βραχίονες
886 1280 1015 1374 κρείσσω

150 1436 153 1441 -
250 1372 311 1464 Εςὶ
331 1389 458 1480 βροτοὺς
476 1388 576 1455 ἀσκεῖν
596 1391 669 1481 ἔργα
688 1386 908 1479 ρυτσσκσφίης.

186 1584 326 1643 'Halteres
337 1589 408 1641 Dicti
419 1602 482 1643 tunt
493 1591 526 1642 ab
537 1592 655 1660 ἅλλομαι,
698 1589 821 1643 lunsat.
829 1592 881 1651 vl.
893 1596 959 1653 4²¹.
974 1588 1175 1663 ·Etluttttpatl

151 1670 221 1723 salio.
230 1670 313 1721 Erant
325 1681 414 1722 autern
428 1686 520 1721 mam
531 1667 657 1739 lapidea,
699 1668 855 1723 ceciderunt
866 1668 976 1723 brachia
989 1688 1073 1725 meua
1083 1696 1095 1719 ι
1105 1692 1114 1737 ;
1125 1664 1175 1742 qual

149 1750 191 1803 vel
210 1747 365 1813 metallice,
380 1766 441 1801 ensa
458 1747 502 1800 vel
516 1749 656 1801 manubrio
699 1748 734 1803 de
744 1749 889 1803 halterilmn
903 1749 1093 1822 accipietium.

150 1826 256 1893 addito,
271 1846 326 1899 quc
338 1825 484 1881 commode
497 1828 578 1881 levari
595 1847 655 1899 poc-
742 1846 765 1882 r.
791 1829 867 1898 Qm'd.
886 1829 944 1899 Quo
964 1830 1072 1885 exhibet
1092 1826 1178 1885 eutii

149 1909 250 1962 tentala
266 1907 379 1961 athletis.
393 1907 590 1961 Dehuterihm
603 1907 657 1979 agit
700 1926 783 1980 marg.
803 1907 847 1961 cd.
869 1909 1033 1980 Par.1617.
1216 1946 1222 1975 -,

150 1988 267 2041 Galenus
277 1984 407 2053 lib.l,de
416 1986 533 2041 stultate
546 1985 654 2040 tuenda.
743 2008 767 2041 κ.
782 1988 950 2043 Μεὶἱω.Ησο
967 2002 1019 2051 est,
1033 1988 1127 2044 utilius
1220 2028 1222 2041 .

654 2190 701 2277 L.

516 2425 842 2473 GALERICULUM.

203 2615 257 2681 Nn
273 2611 355 2681 lutet
372 2611 577 2680 immundum
597 2612 716 2682 nitidos
732 2638 864 2683 ceroma
881 2615 1037 2710 capillos,

257 2721 328 2786 Hac
350 2717 472 2811 poteris
493 2717 638 2787 madidas
661 2719 802 2789 condere
824 2720 909 2815 pelle
931 2747 1053 2793 comas.

204 2908 294 3020 ὀφρα
317 2931 353 2993 τὸ
371 2920 512 3003 πηλῶδες
534 2927 624 3018 τρίχα
643 2932 683 3019 μὴ
704 2933 831 3020 κῆρωρα
851 2931 963 3022 pretio

257 3030 460 3125 Μυρσὸρεχῆ,
475 3036 577 3099 πέσκει
594 3026 675 3119 τῷδε
694 3030 806 3113 πύκαζε
824 3037 930 3126 κόμην.

197 3262 221 3295 1.
239 3242 345 3294 Corone.
358 3245 397 3293 De
410 3261 462 3311 quo
475 3240 535 3291 vide
550 3241 595 3292 lili.
611 3243 659 3305 IV,
704 3242 769 3294 lium
778 3257 803 3294 et
814 3244 945 3296 textilium
955 3247 1190 3316 capillamentorum,

154 3325 238 3392 epigr.
254 3342 289 3373 iv.
307 3323 486 3375 Galericulum
504 3322 661 3373 inserviebat
704 3340 775 3373 riunc
786 3323 815 3373 in
829 3323 910 3392 galeri
927 3324 1040 3378 modurn
1054 3326 1124 3397 quati
1137 3320 1191 3393 vagi·

157 3416 182 3453 et
193 3401 224 3453 ad
235 3401 372 3472 tegendam
384 3401 529 3464 calvitiem,
541 3414 660 3471 utsupra
705 3420 765 3452 nani
779 3403 871 3471 capitis
883 3416 909 3455 et
923 3406 1081 3475 operculum
1095 3403 1193 3461 antitis»

157 3482 203 3533 lib.
215 3483 284 3543 XII,
300 3482 382 3550 epigr.
397 3500 461 3543 riv,
476 3493 502 3532 et
514 3479 660 3533 delenden·
704 3500 788 3544 nunc,
798 3492 863 3534 etc.»
876 3482 950 3534 Utile
959 3498 1087 3555 praeterea
1096 3498 1194 3557 septe·

157 3561 204 3614 dos
218 3562 325 3631 capillos
337 3580 350 3611 a
364 3574 507 3624 ceromate,
517 3580 571 3631 quo
582 3562 660 3613 inun·
704 3562 845 3612 lericulum
859 3561 910 3613 luit
923 3561 955 3614 ad
973 3564 1150 3619 simulandum
1163 3570 1195 3615 ml

156 3643 284 3711 gebantur
298 3640 452 3711 palaestritae.
467 3641 620 3703 Suetonius,
634 3643 661 3691 in
705 3639 923 3693 dissimulandum
942 3645 1064 3714 capillitii
1089 3646 1196 3698 colorem·

157 3721 278 3783 Othone,
295 3739 351 3789 cap.
369 3738 401 3769 ru
415 3740 420 3767 :
434 3745 443 3763 ·
456 3719 604 3771 Galericulo
619 3740 660 3771 ca·
705 3721 825 3771 Juvenal.
839 3721 1198 3789 satvt,1·›0,dettessaliu

157 3802 206 3871 piti
229 3812 336 3870 propter
356 3798 489 3849 raritatem
507 3800 661 3868 capillorum
706 3800 817 3870 loquens
828 3818 835 3850 ε
847 3801 899 3852 «Et
910 3801 1017 3871 nigrum
1032 3804 1100 3857 flavo
1115 3804 1198 3858 crim

157 3870 279 3951 arlaptatc
298 3892 324 3931 et
340 3896 467 3929 annexo-
482 3880 663 3942 Tertulliano,
708 3878 885 3932 abscondente
896 3881 994 3949 galero.
1014 3910 1024 3928 .

158 3960 190 4010 ‹le
199 3961 271 4013 cultu
282 3959 452 4010 seminarum:
463 3957 664 4028 ulffigitispru·
750 3978 775 4011 κ.
787 3960 844 4009 Hac
850 3960 921 4029 pelle.
936 3962 976 4011 Ex
992 3982 1045 4032 qua
1061 3964 1157 4017 scilicet
1173 3962 1201 4012 la·

157 4055 224 4091 terea
237 4040 325 4092 nescio
337 4056 402 4107 quas
414 4038 583 4089 enormitates
599 4038 663 4090 suti·
708 4051 764 4090 etus
778 4051 833 4090 erat
843 4058 942 4109 parvus
956 4042 1068 4110 galerus.
