2542 4822
294 360 678 429 supposnms.
948 384 1021 457 ²97

438 606 560 694 XVI.

349 839 404 886 ΔΙ)
432 839 632 888 sumena.

10 1045 140 1113 Mum
164 1042 246 1113 mihi
266 1043 389 1132 donas,
404 1067 523 1114 vereor
542 1068 584 1114 ne
607 1042 712 1113 multa
734 1046 903 1138 requiras:

57 1147 145 1218 Nolo
167 1149 248 1219 mihi
266 1150 387 1239 dones,
402 1149 534 1238 Aulice,
551 1152 578 1220 si
594 1165 733 1246 repetas.

321 1485 327 1494 .
411 1397 573 1489 XVII.

301 1635 355 1681 AD
383 1633 678 1682 GERMANICUM.

16 1836 176 1906 Exsmss
195 1837 230 1904 in
247 1833 304 1904 lite
324 1851 437 1924 tuam,
451 1838 670 1922 Germanice,
681 1861 815 1924 vocem,

61 1944 106 2012 Ut
124 1942 226 2012 furias
241 1944 361 2012 mentis
375 1966 442 2012 vox
458 1942 581 2011 furiosa
598 1957 701 2012 sonet.

386 2188 590 2274 XVIII.

373 2428 426 2471 AI)
453 2425 621 2473 ussum.

10 2621 126 2700 Omns
139 2630 266 2699 amicus
284 2644 391 2715 amat,
406 2629 464 2698 sed
486 2654 553 2698 non
574 2631 630 2722 qui
650 2641 739 2697 amat
755 2630 862 2697 omnis
885 2631 1027 2719 amicus3

58 2734 121 2804 sed
141 2760 261 2829 quem,
279 2739 398 2821 Basse,
417 2749 455 2803 tu
474 2758 583 2818 ames,
606 2748 677 2803 esto
700 2750 733 2803 et
752 2735 880 2804 amicus
897 2736 936 2803 ei.

420 2980 559 3066 XIX.

329 3214 372 3260 ΙΝ
401 3213 649 3259 TURGIDUM.

10 3436 45 3487 rs
67 3437 201 3491 noctem
222 3419 383 3514 prandes,
399 3421 433 3487 in
452 3434 583 3489 noctem
594 3474 603 3506 ‚
614 3420 776 3514 Turgide‚
792 3447 921 3511 coenas,

56 3526 324 3619 Multimodoque
346 3524 460 3594 mades
477 3540 576 3595 nocte
593 3525 712 3620 dieque
729 3550 831 3597 mero.

10 3625 190 3728 Quumque
214 3634 282 3702 cuti
299 3631 449 3720 studeas,
471 3657 610 3702 uxorem
629 3631 751 3703 ducere
770 3659 837 3704 non
856 3637 924 3720 vis3

58 3744 173 3829 Quum
195 3738 296 3824 nolis,
321 3738 421 3823 dicis,
434 3739 512 3807 Vita
534 3738 657 3833 pudica
674 3738 792 3833 placet.

10 3837 166 3940 ‘urgidffi
181 3846 329 3915 mentiris
346 3872 354 3912 :
371 3870 439 3915 non
456 3860 506 3914 est
518 3847 588 3915 haec
605 3848 672 3914 vita
688 3846 816 3940 pudica.
1012 3883 1022 3918 s

59 3955 118 4021 Vis
141 3953 268 4035 dicam,
284 3977 357 4045 quae
378 3954 419 4021 sit
437 3954 505 4022 vita
524 3951 665 4047 pudica?
684 3951 816 4020 Modus.
