<?xml version="1.0" encoding="UTF-8"?>
<!DOCTYPE html PUBLIC "-//W3C//DTD XHTML 1.0 Transitional//EN"
    "http://www.w3.org/TR/xhtml1/DTD/xhtml1-transitional.dtd">
<html xmlns="http://www.w3.org/1999/xhtml" xml:lang="en" lang="en">
 <head>
  <title>
</title>
<meta http-equiv="Content-Type" content="text/html;charset=utf-8" />
  <meta name='ocr-system' content='tesseract 3.04.00' />
  <meta name='ocr-capabilities' content='ocr_page ocr_carea ocr_par ocr_line ocrx_word'/>
</head>
<body>
  <div class='ocr_page' id='page_1' title='image "./mvmartialisepig02marcgoog/mvmartialisepig02marcgoog_0191.png"; bbox 0 0 2542 4822; ppageno 0'>
   <div class='ocr_carea' id='block_1_1' title="bbox 233 332 1072 427">
    <p class='ocr_par' dir='ltr' id='par_1_1' title="bbox 233 332 1072 427">
     <span class='ocr_line' id='line_1_1' title="bbox 233 332 1072 427; baseline -0.004 -26"><span class='ocrx_word' id='word_1_1' title='bbox 233 334 304 427; x_wconf 74' lang='lat'><strong>174</strong></span> <span class='ocrx_word' id='word_1_2' title='bbox 508 335 555 401; x_wconf 89' lang='grc' dir='ltr'><strong>Μ.</strong></span> <span class='ocrx_word' id='word_1_3' title='bbox 575 335 682 402; x_wconf 80' lang='lat' dir='ltr'><strong>VAL.</strong></span> <span class='ocrx_word' id='word_1_4' title='bbox 712 332 1011 402; x_wconf 81' lang='lat' dir='ltr'><strong>MARTIALIS</strong></span> <span class='ocrx_word' id='word_1_5' title='bbox 1066 332 1072 345; x_wconf 87' lang='lat'>&#39;</span> 
     </span>
    </p>
   </div>
   <div class='ocr_carea' id='block_1_2' title="bbox 1190 236 1201 635">
    <p class='ocr_par' dir='ltr' id='par_1_2' title="bbox 1190 236 1201 635">
     <span class='ocr_line' id='line_1_2' title="bbox 1190 236 1196 353; baseline 0 0"><span class='ocrx_word' id='word_1_6' title='bbox 1190 236 1196 353; x_wconf 73' lang='grc' dir='ltr'>ι</span> 
     </span>
     <span class='ocr_line' id='line_1_3' title="bbox 1194 382 1201 545; baseline 0 0"><span class='ocrx_word' id='word_1_7' title='bbox 1194 382 1201 545; x_wconf 71' lang='grc' dir='ltr'>ἰ</span> 
     </span>
     <span class='ocr_line' id='line_1_4' title="bbox 1197 582 1201 635; baseline 0 0"><span class='ocrx_word' id='word_1_8' title='bbox 1197 582 1201 635; x_wconf 91' lang='lat' dir='ltr'><strong>l</strong></span> 
     </span>
    </p>
   </div>
   <div class='ocr_carea' id='block_1_3' title="bbox 682 562 839 647">
    <p class='ocr_par' dir='ltr' id='par_1_3' title="bbox 682 562 839 647">
     <span class='ocr_line' id='line_1_5' title="bbox 682 562 839 647; baseline 0 0"><span class='ocrx_word' id='word_1_9' title='bbox 682 562 839 647; x_wconf 88' lang='lat' dir='ltr'>XVII.</span> 
     </span>
    </p>
   </div>
   <div class='ocr_carea' id='block_1_4' title="bbox 564 792 948 838">
    <p class='ocr_par' dir='ltr' id='par_1_4' title="bbox 564 792 948 838">
     <span class='ocr_line' id='line_1_6' title="bbox 564 792 948 838; baseline 0 -2"><span class='ocrx_word' id='word_1_10' title='bbox 564 792 728 837; x_wconf 75' lang='lat' dir='ltr'><strong>Tsuuus</strong></span> <span class='ocrx_word' id='word_1_11' title='bbox 758 792 948 838; x_wconf 76' lang='lat' dir='ltr'><strong>Lusouls.</strong></span> 
     </span>
    </p>
   </div>
   <div class='ocr_carea' id='block_1_5' title="bbox 183 977 1204 1182">
    <p class='ocr_par' dir='ltr' id='par_1_5' title="bbox 183 977 1204 1182">
     <span class='ocr_line' id='line_1_7' title="bbox 183 977 1204 1076; baseline -0.001 -27"><span class='ocrx_word' id='word_1_12' title='bbox 183 1042 187 1049; x_wconf 89' lang='grc'><em>,</em></span> <span class='ocrx_word' id='word_1_13' title='bbox 280 982 346 1047; x_wconf 84' lang='lat' dir='ltr'><strong>Hrc</strong></span> <span class='ocrx_word' id='word_1_14' title='bbox 365 978 446 1046; x_wconf 87' lang='lat' dir='ltr'><strong>mihi</strong></span> <span class='ocrx_word' id='word_1_15' title='bbox 465 977 615 1047; x_wconf 90' lang='lat' dir='ltr'><strong>bisseno</strong></span> <span class='ocrx_word' id='word_1_16' title='bbox 637 994 832 1047; x_wconf 87' lang='lat' dir='ltr'><strong>numeratur</strong></span> <span class='ocrx_word' id='word_1_17' title='bbox 850 994 973 1049; x_wconf 82' lang='lat' dir='ltr'><strong>tessera</strong></span> <span class='ocrx_word' id='word_1_18' title='bbox 994 997 1137 1076; x_wconf 89' lang='lat' dir='ltr'><strong>puncto;</strong></span> <span class='ocrx_word' id='word_1_19' title='bbox 1200 1018 1204 1071; x_wconf 71' lang='grc' dir='ltr'>Ι</span> 
     </span>
     <span class='ocr_line' id='line_1_8' title="bbox 324 1082 1109 1182; baseline 0.005 -29"><span class='ocrx_word' id='word_1_20' title='bbox 324 1082 488 1153; x_wconf 85' lang='lat' dir='ltr'><strong>&#39;Calculus</strong></span> <span class='ocrx_word' id='word_1_21' title='bbox 508 1084 563 1153; x_wconf 91' lang='lat' dir='ltr'><strong>hic</strong></span> <span class='ocrx_word' id='word_1_22' title='bbox 582 1087 713 1179; x_wconf 82' lang='lat' dir='ltr'><strong>gemino</strong></span> <span class='ocrx_word' id='word_1_23' title='bbox 732 1084 878 1155; x_wconf 83' lang='lat' dir='ltr'>discolor</span> <span class='ocrx_word' id='word_1_24' title='bbox 898 1087 994 1156; x_wconf 86' lang='lat' dir='ltr'><strong>hoste</strong></span> <span class='ocrx_word' id='word_1_25' title='bbox 1014 1091 1109 1182; x_wconf 87' lang='lat' dir='ltr'><strong>perit.</strong></span> 
     </span>
    </p>
   </div>
   <div class='ocr_carea' id='block_1_6' title="bbox 277 1232 1113 1439">
    <p class='ocr_par' dir='ltr' id='par_1_6' title="bbox 277 1232 1113 1439">
     <span class='ocr_line' id='line_1_9' title="bbox 277 1232 1113 1339; baseline 0.006 -31"><span class='ocrx_word' id='word_1_26' title='bbox 277 1232 509 1320; x_wconf 74' lang='grc' dir='ltr'>Δωδεκᾶκεντος</span> <span class='ocrx_word' id='word_1_27' title='bbox 526 1245 621 1320; x_wconf 82' lang='grc' dir='ltr'>ἔνεςιν</span> <span class='ocrx_word' id='word_1_28' title='bbox 642 1242 709 1335; x_wconf 77' lang='grc' dir='ltr'><strong>ἐμοὶ</strong></span> <span class='ocrx_word' id='word_1_29' title='bbox 727 1237 835 1321; x_wconf 66' lang='lat' dir='ltr'><strong>adice·</strong></span> <span class='ocrx_word' id='word_1_30' title='bbox 856 1242 904 1316; x_wconf 70' lang='lat' dir='ltr'><strong>‘tit’</strong></span> <span class='ocrx_word' id='word_1_31' title='bbox 924 1248 1113 1339; x_wconf 73' lang='grc' dir='ltr'><strong>ἑτεροχρὼς,</strong></span> 
     </span>
     <span class='ocr_line' id='line_1_10' title="bbox 331 1337 993 1439; baseline 0.006 -25"><span class='ocrx_word' id='word_1_32' title='bbox 331 1337 509 1417; x_wconf 79' lang='grc' dir='ltr'><strong>Ᾰντιποΐλου</strong></span> <span class='ocrx_word' id='word_1_33' title='bbox 529 1338 659 1439; x_wconf 74' lang='grc' dir='ltr'>διδύμου</span> <span class='ocrx_word' id='word_1_34' title='bbox 680 1345 773 1439; x_wconf 80' lang='grc' dir='ltr'>ψηφὶς</span> <span class='ocrx_word' id='word_1_35' title='bbox 791 1348 904 1416; x_wconf 63' lang='lat' dir='ltr'><strong>ollulas</strong></span> <span class='ocrx_word' id='word_1_36' title='bbox 923 1352 993 1417; x_wconf 79' lang='grc' dir='ltr'><strong>ὕπο.</strong></span> 
     </span>
    </p>
   </div>
   <div class='ocr_carea' id='block_1_7' title="bbox 215 1520 1256 4059">
    <p class='ocr_par' dir='ltr' id='par_1_7' title="bbox 215 1520 1256 4059">
     <span class='ocr_line' id='line_1_11' title="bbox 264 1520 1232 1597; baseline 0 -24"><span class='ocrx_word' id='word_1_37' title='bbox 264 1540 291 1576; x_wconf 78' lang='lat' dir='ltr'><strong>s.</strong></span> <span class='ocrx_word' id='word_1_38' title='bbox 303 1522 354 1574; x_wconf 72' lang='lat'><strong>1110</strong></span> <span class='ocrx_word' id='word_1_39' title='bbox 364 1523 422 1574; x_wconf 73' lang='lat' dir='ltr'><strong>milei</strong></span> <span class='ocrx_word' id='word_1_40' title='bbox 430 1522 466 1574; x_wconf 82' lang='lat' dir='ltr'><strong>bis</strong></span> <span class='ocrx_word' id='word_1_41' title='bbox 475 1541 544 1583; x_wconf 80' lang='lat' dir='ltr'><strong>serto,</strong></span> <span class='ocrx_word' id='word_1_42' title='bbox 555 1533 606 1574; x_wconf 89' lang='lat' dir='ltr'><strong>eto.</strong></span> <span class='ocrx_word' id='word_1_43' title='bbox 616 1521 737 1574; x_wconf 85' lang='lat' dir='ltr'><strong>Primum</strong></span> <span class='ocrx_word' id='word_1_44' title='bbox 779 1520 849 1575; x_wconf 87' lang='lat' dir='ltr'>dixit</span> <span class='ocrx_word' id='word_1_45' title='bbox 859 1522 979 1594; x_wconf 84' lang='lat' dir='ltr'><strong>primum</strong></span> <span class='ocrx_word' id='word_1_46' title='bbox 988 1524 1022 1577; x_wconf 86' lang='lat' dir='ltr'><strong>ab</strong></span> <span class='ocrx_word' id='word_1_47' title='bbox 1033 1524 1116 1579; x_wconf 88' lang='lat' dir='ltr'><strong>initio</strong></span> <span class='ocrx_word' id='word_1_48' title='bbox 1126 1526 1232 1597; x_wconf 57' lang='lat' dir='ltr'><strong>legar</strong></span> 
     </span>
     <span class='ocr_line' id='line_1_12' title="bbox 226 1596 1233 1677; baseline 0.005 -23"><span class='ocrx_word' id='word_1_49' title='bbox 226 1601 261 1655; x_wconf 87' lang='lat' dir='ltr'><strong>ab</strong></span> <span class='ocrx_word' id='word_1_50' title='bbox 270 1601 349 1654; x_wconf 92' lang='lat' dir='ltr'><strong>initio</strong></span> <span class='ocrx_word' id='word_1_51' title='bbox 360 1599 500 1673; x_wconf 77' lang='lat' dir='ltr'><strong>legendum</strong></span> <span class='ocrx_word' id='word_1_52' title='bbox 512 1620 527 1654; x_wconf 87' lang='lat' dir='ltr'><strong>e</strong></span> <span class='ocrx_word' id='word_1_53' title='bbox 539 1601 596 1654; x_wconf 85' lang='lat' dir='ltr'><strong>MS.</strong></span> <span class='ocrx_word' id='word_1_54' title='bbox 610 1601 668 1652; x_wconf 85' lang='lat' dir='ltr'><strong>Hae</strong></span> <span class='ocrx_word' id='word_1_55' title='bbox 679 1602 738 1652; x_wconf 76' lang='lat' dir='ltr'><em>mihi</em></span> <span class='ocrx_word' id='word_1_56' title='bbox 780 1600 837 1655; x_wconf 88' lang='lat' dir='ltr'><strong>MS.</strong></span> <span class='ocrx_word' id='word_1_57' title='bbox 847 1603 976 1665; x_wconf 81' lang='lat' dir='ltr'><strong>Hacms&#39;lu&#39;,</strong></span> <span class='ocrx_word' id='word_1_58' title='bbox 989 1615 1017 1656; x_wconf 84' lang='lat' dir='ltr'><strong>et</strong></span> <span class='ocrx_word' id='word_1_59' title='bbox 1029 1609 1059 1657; x_wconf 80' lang='grc' dir='ltr'><strong>τὸ</strong></span> <span class='ocrx_word' id='word_1_60' title='bbox 1069 1596 1233 1677; x_wconf 51' lang='grc' dir='ltr'><strong>ἀισιίοοῇ</strong></span> 
     </span>
     <span class='ocr_line' id='line_1_13' title="bbox 226 1680 1232 1757; baseline 0.003 -23"><span class='ocrx_word' id='word_1_61' title='bbox 226 1681 315 1753; x_wconf 84' lang='lat' dir='ltr'><strong>inquit</strong></span> <span class='ocrx_word' id='word_1_62' title='bbox 334 1680 454 1734; x_wconf 78' lang='lat' dir='ltr'><strong>Gronov.</strong></span> <span class='ocrx_word' id='word_1_63' title='bbox 469 1709 509 1721; x_wconf 92' lang='lat'><em>-</em></span> <span class='ocrx_word' id='word_1_64' title='bbox 523 1681 568 1733; x_wconf 82' lang='lat' dir='ltr'><strong>Bis</strong></span> <span class='ocrx_word' id='word_1_65' title='bbox 589 1699 661 1743; x_wconf 79' lang='lat' dir='ltr'><strong>seno,</strong></span> <span class='ocrx_word' id='word_1_66' title='bbox 685 1692 736 1733; x_wconf 86' lang='lat' dir='ltr'><strong>etc.</strong></span> <span class='ocrx_word' id='word_1_67' title='bbox 783 1706 794 1727; x_wconf 81' lang='grc' dir='ltr'>ι</span> <span class='ocrx_word' id='word_1_68' title='bbox 811 1681 914 1752; x_wconf 81' lang='lat' dir='ltr'><strong>Nempe</strong></span> <span class='ocrx_word' id='word_1_69' title='bbox 928 1683 1017 1735; x_wconf 76' lang='lat' dir='ltr'><strong>tabule</strong></span> <span class='ocrx_word' id='word_1_70' title='bbox 1031 1680 1232 1757; x_wconf 53' lang='lat' dir='ltr'><strong>lusoriamfl·</strong></span> 
     </span>
     <span class='ocr_line' id='line_1_14' title="bbox 225 1754 1256 1834; baseline 0 -21"><span class='ocrx_word' id='word_1_71' title='bbox 225 1762 293 1813; x_wconf 82' lang='lat' dir='ltr'><strong>Dura</strong></span> <span class='ocrx_word' id='word_1_72' title='bbox 312 1774 375 1814; x_wconf 83' lang='lat' dir='ltr'><strong>sunt</strong></span> <span class='ocrx_word' id='word_1_73' title='bbox 396 1758 538 1813; x_wconf 89' lang='lat' dir='ltr'><strong>doctorum</strong></span> <span class='ocrx_word' id='word_1_74' title='bbox 556 1759 677 1812; x_wconf 85' lang='lat' dir='ltr'><strong>virorum</strong></span> <span class='ocrx_word' id='word_1_75' title='bbox 702 1757 737 1811; x_wconf 88' lang='lat' dir='ltr'><strong>de</strong></span> <span class='ocrx_word' id='word_1_76' title='bbox 780 1774 993 1827; x_wconf 79' lang='lat' dir='ltr'><strong>xxxvetxnm,</strong></span> <span class='ocrx_word' id='word_1_77' title='bbox 1007 1787 1020 1809; x_wconf 73' lang='lat'><em>2</em></span> <span class='ocrx_word' id='word_1_78' title='bbox 1034 1754 1256 1834; x_wconf 45' lang='lat' dir='ltr'><strong>adjicite-iffi</strong></span> 
     </span>
     <span class='ocr_line' id='line_1_15' title="bbox 224 1837 1236 1912; baseline 0.004 -19"><span class='ocrx_word' id='word_1_79' title='bbox 224 1841 304 1912; x_wconf 85' lang='lat' dir='ltr'><strong>hujus</strong></span> <span class='ocrx_word' id='word_1_80' title='bbox 331 1838 454 1893; x_wconf 77' lang='lat' dir='ltr'><strong>versiculi</strong></span> <span class='ocrx_word' id='word_1_81' title='bbox 480 1858 559 1892; x_wconf 83' lang='lat' dir='ltr'><strong>sensu</strong></span> <span class='ocrx_word' id='word_1_82' title='bbox 587 1838 736 1911; x_wconf 70' lang='lat' dir='ltr'>opiniones.</span> <span class='ocrx_word' id='word_1_83' title='bbox 780 1837 924 1893; x_wconf 83' lang='lat' dir='ltr'><strong>duodecim</strong></span> <span class='ocrx_word' id='word_1_84' title='bbox 942 1854 1113 1912; x_wconf 82' lang='lat' dir='ltr'><strong>punctanon</strong></span> <span class='ocrx_word' id='word_1_85' title='bbox 1131 1838 1236 1903; x_wconf 49' lang='lat' dir='ltr'><strong>aad*</strong></span> 
     </span>
     <span class='ocr_line' id='line_1_16' title="bbox 224 1914 1234 1991; baseline 0.003 -19"><span class='ocrx_word' id='word_1_86' title='bbox 224 1921 257 1972; x_wconf 93' lang='lat' dir='ltr'><strong>In</strong></span> <span class='ocrx_word' id='word_1_87' title='bbox 271 1921 352 1973; x_wconf 77' lang='lat' dir='ltr'><strong>abaco</strong></span> <span class='ocrx_word' id='word_1_88' title='bbox 365 1914 532 1991; x_wconf 87' lang='lat' dir='ltr'><strong>(inquiunt),</strong></span> <span class='ocrx_word' id='word_1_89' title='bbox 542 1937 588 1972; x_wconf 88' lang='lat' dir='ltr'><strong>seu</strong></span> <span class='ocrx_word' id='word_1_90' title='bbox 603 1918 679 1972; x_wconf 84' lang='lat' dir='ltr'><strong>alveo</strong></span> <span class='ocrx_word' id='word_1_91' title='bbox 695 1919 737 1970; x_wconf 90' lang='lat' dir='ltr'><strong>ln·</strong></span> <span class='ocrx_word' id='word_1_92' title='bbox 780 1918 827 1980; x_wconf 84' lang='lat' dir='ltr'><strong>las,</strong></span> <span class='ocrx_word' id='word_1_93' title='bbox 843 1932 873 1973; x_wconf 87' lang='lat' dir='ltr'><strong>ut</strong></span> <span class='ocrx_word' id='word_1_94' title='bbox 895 1919 923 1972; x_wconf 92' lang='lat' dir='ltr'><strong>in</strong></span> <span class='ocrx_word' id='word_1_95' title='bbox 945 1919 1012 1974; x_wconf 83' lang='lat' dir='ltr'><strong>falso</strong></span> <span class='ocrx_word' id='word_1_96' title='bbox 1032 1918 1234 1977; x_wconf 54' lang='lat' dir='ltr'><strong>contendit*</strong></span> 
     </span>
     <span class='ocr_line' id='line_1_17' title="bbox 224 1994 1234 2070; baseline 0.006 -19"><span class='ocrx_word' id='word_1_97' title='bbox 224 1998 298 2053; x_wconf 88' lang='lat' dir='ltr'><strong>ditur</strong></span> <span class='ocrx_word' id='word_1_98' title='bbox 312 1997 415 2054; x_wconf 82' lang='lat' dir='ltr'><strong>duabus</strong></span> <span class='ocrx_word' id='word_1_99' title='bbox 430 1998 548 2065; x_wconf 86' lang='lat' dir='ltr'><strong>tesseris,</strong></span> <span class='ocrx_word' id='word_1_100' title='bbox 558 2016 670 2070; x_wconf 79' lang='lat' dir='ltr'><strong>quarum</strong></span> <span class='ocrx_word' id='word_1_101' title='bbox 685 2017 736 2050; x_wconf 89' lang='lat' dir='ltr'><strong>nu·</strong></span> <span class='ocrx_word' id='word_1_102' title='bbox 780 1998 850 2065; x_wconf 84' lang='lat' dir='ltr'><strong>sius,</strong></span> <span class='ocrx_word' id='word_1_103' title='bbox 863 2013 965 2070; x_wconf 88' lang='lat' dir='ltr'><strong>etpost</strong></span> <span class='ocrx_word' id='word_1_104' title='bbox 982 2018 1044 2054; x_wconf 91' lang='lat' dir='ltr'><strong>eum</strong></span> <span class='ocrx_word' id='word_1_105' title='bbox 1057 2002 1104 2056; x_wconf 82' lang='lat' dir='ltr'><strong>alii</strong></span> <span class='ocrx_word' id='word_1_106' title='bbox 1117 1994 1234 2057; x_wconf 52' lang='lat' dir='ltr'><strong>mulss-</strong></span> 
     </span>
     <span class='ocr_line' id='line_1_18' title="bbox 224 2076 1233 2150; baseline 0.005 -18"><span class='ocrx_word' id='word_1_107' title='bbox 224 2098 315 2134; x_wconf 85' lang='lat' dir='ltr'><strong>merus</strong></span> <span class='ocrx_word' id='word_1_108' title='bbox 330 2097 462 2144; x_wconf 89' lang='lat' dir='ltr'><strong>summus,</strong></span> <span class='ocrx_word' id='word_1_109' title='bbox 475 2077 574 2150; x_wconf 84' lang='lat' dir='ltr'>duplex</span> <span class='ocrx_word' id='word_1_110' title='bbox 586 2079 670 2131; x_wconf 90' lang='lat' dir='ltr'><strong>senio.</strong></span> <span class='ocrx_word' id='word_1_111' title='bbox 684 2078 749 2147; x_wconf 86' lang='lat' dir='ltr'><strong>Sed¹</strong></span> <span class='ocrx_word' id='word_1_112' title='bbox 779 2076 894 2145; x_wconf 85' lang='lat' dir='ltr'><strong>derunt,</strong></span> <span class='ocrx_word' id='word_1_113' title='bbox 907 2078 955 2133; x_wconf 88' lang='lat' dir='ltr'><strong>sed</strong></span> <span class='ocrx_word' id='word_1_114' title='bbox 971 2080 1098 2135; x_wconf 87' lang='lat' dir='ltr'><strong>binarum</strong></span> <span class='ocrx_word' id='word_1_115' title='bbox 1117 2094 1233 2143; x_wconf 67' lang='lat' dir='ltr'><strong>teus..</strong></span> 
     </span>
     <span class='ocr_line' id='line_1_19' title="bbox 225 2157 1232 2231; baseline -0.003 -17"><span class='ocrx_word' id='word_1_116' title='bbox 225 2158 289 2231; x_wconf 86' lang='lat' dir='ltr'><strong>quid</strong></span> <span class='ocrx_word' id='word_1_117' title='bbox 297 2157 447 2226; x_wconf 82' lang='lat' dir='ltr'><strong>sidieamus</strong></span> <span class='ocrx_word' id='word_1_118' title='bbox 456 2159 565 2213; x_wconf 87' lang='lat' dir='ltr'><strong>abacum</strong></span> <span class='ocrx_word' id='word_1_119' title='bbox 574 2159 648 2212; x_wconf 86' lang='lat' dir='ltr'><strong>hunc</strong></span> <span class='ocrx_word' id='word_1_120' title='bbox 656 2158 737 2212; x_wconf 83' lang='lat' dir='ltr'><strong>luisse</strong></span> <span class='ocrx_word' id='word_1_121' title='bbox 779 2177 862 2228; x_wconf 88' lang='lat' dir='ltr'><strong>quum</strong></span> <span class='ocrx_word' id='word_1_122' title='bbox 884 2159 992 2231; x_wconf 74' lang='lat' dir='ltr'><strong>singulto</strong></span> <span class='ocrx_word' id='word_1_123' title='bbox 1012 2180 1069 2214; x_wconf 90' lang='lat' dir='ltr'><strong>non</strong></span> <span class='ocrx_word' id='word_1_124' title='bbox 1085 2162 1159 2215; x_wconf 68' lang='lat' dir='ltr'><strong>ultr·</strong></span> <span class='ocrx_word' id='word_1_125' title='bbox 1171 2179 1185 2213; x_wconf 82' lang='grc' dir='ltr'>ι</span> <span class='ocrx_word' id='word_1_126' title='bbox 1198 2158 1232 2211; x_wconf 74' lang='lat' dir='ltr'><strong>b·</strong></span> 
     </span>
     <span class='ocr_line' id='line_1_20' title="bbox 224 2237 1227 2295; baseline -0.002 -2"><span class='ocrx_word' id='word_1_127' title='bbox 224 2238 380 2293; x_wconf 87' lang='lat' dir='ltr'><strong>distinctum</strong></span> <span class='ocrx_word' id='word_1_128' title='bbox 396 2257 427 2292; x_wconf 68' lang='grc' dir='ltr'><strong>ια</strong></span> <span class='ocrx_word' id='word_1_129' title='bbox 444 2241 477 2291; x_wconf 91' lang='lat' dir='ltr'><strong>ab</strong></span> <span class='ocrx_word' id='word_1_130' title='bbox 495 2239 569 2292; x_wconf 87' lang='lat' dir='ltr'><strong>omni</strong></span> <span class='ocrx_word' id='word_1_131' title='bbox 583 2239 664 2292; x_wconf 88' lang='lat' dir='ltr'><strong>latere</strong></span> <span class='ocrx_word' id='word_1_132' title='bbox 685 2251 735 2292; x_wconf 87' lang='lat' dir='ltr'><strong>tes·</strong></span> <span class='ocrx_word' id='word_1_133' title='bbox 779 2237 940 2292; x_wconf 81' lang='lat' dir='ltr'><strong>beantvide</strong></span> <span class='ocrx_word' id='word_1_134' title='bbox 953 2237 987 2292; x_wconf 87' lang='lat' dir='ltr'><strong>de</strong></span> <span class='ocrx_word' id='word_1_135' title='bbox 998 2240 1058 2293; x_wconf 81' lang='lat' dir='ltr'><strong>Per.</strong></span> <span class='ocrx_word' id='word_1_136' title='bbox 1072 2242 1135 2295; x_wconf 82' lang='lat' dir='ltr'><strong>Vct.</strong></span> <span class='ocrx_word' id='word_1_137' title='bbox 1149 2240 1176 2295; x_wconf 86' lang='grc' dir='ltr'><strong>ΙΙ</strong></span> <span class='ocrx_word' id='word_1_138' title='bbox 1185 2238 1227 2291; x_wconf 72' lang='lat' dir='ltr'><strong>rs·</strong></span> 
     </span>
     <span class='ocr_line' id='line_1_21' title="bbox 223 2316 1230 2392; baseline 0.002 -20"><span class='ocrx_word' id='word_1_139' title='bbox 223 2320 289 2373; x_wconf 84' lang='lat' dir='ltr'><strong>seris</strong></span> <span class='ocrx_word' id='word_1_140' title='bbox 302 2338 348 2373; x_wconf 86' lang='lat' dir='ltr'><strong>seu</strong></span> <span class='ocrx_word' id='word_1_141' title='bbox 364 2319 455 2390; x_wconf 88' lang='lat' dir='ltr'><strong>spatiis</strong></span> <span class='ocrx_word' id='word_1_142' title='bbox 467 2338 531 2391; x_wconf 86' lang='lat' dir='ltr'><strong>quns</strong></span> <span class='ocrx_word' id='word_1_143' title='bbox 544 2319 681 2388; x_wconf 77' lang='lat' dir='ltr'>regiones,</span> <span class='ocrx_word' id='word_1_144' title='bbox 693 2337 737 2370; x_wconf 85' lang='lat' dir='ltr'><strong>ur·</strong></span> <span class='ocrx_word' id='word_1_145' title='bbox 777 2316 884 2372; x_wconf 86' lang='lat' dir='ltr'><strong>Judicet</strong></span> <span class='ocrx_word' id='word_1_146' title='bbox 899 2318 989 2372; x_wconf 84' lang='lat' dir='ltr'><strong>lector.</strong></span> <span class='ocrx_word' id='word_1_147' title='bbox 1005 2320 1063 2373; x_wconf 88' lang='lat' dir='ltr'><strong>Nos</strong></span> <span class='ocrx_word' id='word_1_148' title='bbox 1075 2319 1230 2392; x_wconf 59' lang='lat' dir='ltr'><strong>quidem·</strong></span> 
     </span>
     <span class='ocr_line' id='line_1_22' title="bbox 224 2396 1231 2470; baseline 0.003 -18"><span class='ocrx_word' id='word_1_149' title='bbox 224 2399 270 2452; x_wconf 90' lang='lat' dir='ltr'><strong>bes</strong></span> <span class='ocrx_word' id='word_1_150' title='bbox 290 2418 336 2453; x_wconf 92' lang='lat' dir='ltr'><strong>seu</strong></span> <span class='ocrx_word' id='word_1_151' title='bbox 357 2398 481 2452; x_wconf 84' lang='lat' dir='ltr'><strong>mandras</strong></span> <span class='ocrx_word' id='word_1_152' title='bbox 502 2398 690 2470; x_wconf 77' lang='lat' dir='ltr'><strong>appellabant?</strong></span> <span class='ocrx_word' id='word_1_153' title='bbox 706 2412 735 2452; x_wconf 90' lang='lat' dir='ltr'><strong>ut</strong></span> <span class='ocrx_word' id='word_1_154' title='bbox 777 2397 856 2451; x_wconf 87' lang='lat' dir='ltr'><strong>rioris</strong></span> <span class='ocrx_word' id='word_1_155' title='bbox 873 2398 1031 2453; x_wconf 83' lang='lat' dir='ltr'><strong>sententiam</strong></span> <span class='ocrx_word' id='word_1_156' title='bbox 1050 2396 1231 2468; x_wconf 53' lang='lat' dir='ltr'><strong>libentione</strong></span> 
     </span>
     <span class='ocr_line' id='line_1_23' title="bbox 223 2476 1229 2550; baseline 0.004 -21"><span class='ocrx_word' id='word_1_157' title='bbox 223 2478 270 2530; x_wconf 87' lang='lat' dir='ltr'><strong>lib.</strong></span> <span class='ocrx_word' id='word_1_158' title='bbox 286 2479 356 2544; x_wconf 85' lang='lat' dir='ltr'><strong>vll,</strong></span> <span class='ocrx_word' id='word_1_159' title='bbox 374 2478 457 2548; x_wconf 72' lang='lat' dir='ltr'><strong>epigr.</strong></span> <span class='ocrx_word' id='word_1_160' title='bbox 479 2495 574 2541; x_wconf 80' lang='lat' dir='ltr'><strong>surr,</strong></span> <span class='ocrx_word' id='word_1_161' title='bbox 592 2496 630 2529; x_wconf 88' lang='lat' dir='ltr'><strong>vs.</strong></span> <span class='ocrx_word' id='word_1_162' title='bbox 653 2479 679 2528; x_wconf 90' lang='lat'><strong>8.</strong></span> <span class='ocrx_word' id='word_1_163' title='bbox 694 2510 732 2520; x_wconf 93' lang='lat'>—</span> <span class='ocrx_word' id='word_1_164' title='bbox 777 2476 1229 2550; x_wconf 73' lang='lat' dir='ltr'><strong>cumnr‚et1eviquidem‚ncno</strong></span> 
     </span>
     <span class='ocr_line' id='line_1_24' title="bbox 223 2555 1230 2630; baseline -0.001 -20"><span class='ocrx_word' id='word_1_165' title='bbox 223 2555 323 2610; x_wconf 74' lang='lat' dir='ltr'><strong>Audias</strong></span> <span class='ocrx_word' id='word_1_166' title='bbox 338 2556 433 2609; x_wconf 84' lang='lat' dir='ltr'><strong>harum</strong></span> <span class='ocrx_word' id='word_1_167' title='bbox 458 2555 646 2609; x_wconf 82' lang='lat' dir='ltr'><strong>sententiarum</strong></span> <span class='ocrx_word' id='word_1_168' title='bbox 666 2557 733 2608; x_wconf 89' lang='lat' dir='ltr'><strong>utri-</strong></span> <span class='ocrx_word' id='word_1_169' title='bbox 776 2557 891 2627; x_wconf 85' lang='lat' dir='ltr'><strong>pessimo</strong></span> <span class='ocrx_word' id='word_1_170' title='bbox 906 2570 1063 2630; x_wconf 83' lang='lat' dir='ltr'><strong>argumento</strong></span> <span class='ocrx_word' id='word_1_171' title='bbox 1082 2558 1230 2615; x_wconf 72' lang='lat' dir='ltr'><strong>fimatura-</strong></span> 
     </span>
     <span class='ocr_line' id='line_1_25' title="bbox 223 2634 1231 2709; baseline 0 -20"><span class='ocrx_word' id='word_1_172' title='bbox 223 2655 274 2709; x_wconf 88' lang='lat' dir='ltr'><strong>que</strong></span> <span class='ocrx_word' id='word_1_173' title='bbox 303 2636 501 2706; x_wconf 69' lang='lat' dir='ltr'><strong>patrocinantes</strong></span> <span class='ocrx_word' id='word_1_174' title='bbox 524 2634 609 2688; x_wconf 77' lang='lat' dir='ltr'><strong>fusius</strong></span> <span class='ocrx_word' id='word_1_175' title='bbox 636 2634 735 2688; x_wconf 85' lang='lat' dir='ltr'><strong>Salma·</strong></span> <span class='ocrx_word' id='word_1_176' title='bbox 777 2636 872 2690; x_wconf 83' lang='lat' dir='ltr'><strong>bimus.</strong></span> <span class='ocrx_word' id='word_1_177' title='bbox 889 2639 985 2691; x_wconf 88' lang='lat' dir='ltr'><strong>Nullus</strong></span> <span class='ocrx_word' id='word_1_178' title='bbox 1005 2656 1068 2691; x_wconf 83' lang='lat' dir='ltr'><strong>sanc</strong></span> <span class='ocrx_word' id='word_1_179' title='bbox 1085 2636 1116 2690; x_wconf 91' lang='lat' dir='ltr'><strong>id</strong></span> <span class='ocrx_word' id='word_1_180' title='bbox 1134 2634 1231 2693; x_wconf 69' lang='lat' dir='ltr'><strong>idatiu-</strong></span> 
     </span>
     <span class='ocr_line' id='line_1_26' title="bbox 222 2711 1230 2784; baseline 0 -15"><span class='ocrx_word' id='word_1_181' title='bbox 222 2718 292 2770; x_wconf 83' lang='lat' dir='ltr'><strong>sium</strong></span> <span class='ocrx_word' id='word_1_182' title='bbox 304 2728 331 2767; x_wconf 88' lang='lat' dir='ltr'><strong>et</strong></span> <span class='ocrx_word' id='word_1_183' title='bbox 340 2714 520 2768; x_wconf 84' lang='lat' dir='ltr'><strong>Gronovium.</strong></span> <span class='ocrx_word' id='word_1_184' title='bbox 533 2713 611 2766; x_wconf 85' lang='lat' dir='ltr'>Prius</span> <span class='ocrx_word' id='word_1_185' title='bbox 624 2711 733 2784; x_wconf 87' lang='lat' dir='ltr'><strong>quidem</strong></span> <span class='ocrx_word' id='word_1_186' title='bbox 776 2715 878 2769; x_wconf 89' lang='lat' dir='ltr'><strong>tionem</strong></span> <span class='ocrx_word' id='word_1_187' title='bbox 887 2717 1005 2771; x_wconf 80' lang='lat' dir='ltr'><strong>movebit</strong></span> <span class='ocrx_word' id='word_1_188' title='bbox 1012 2717 1128 2771; x_wconf 81' lang='lat' dir='ltr'><strong>voluisse</strong></span> <span class='ocrx_word' id='word_1_189' title='bbox 1137 2714 1230 2771; x_wconf 71' lang='lat' dir='ltr'><strong>ltilent</strong></span> 
     </span>
     <span class='ocr_line' id='line_1_27' title="bbox 224 2790 1231 2857; baseline -0.001 -8"><span class='ocrx_word' id='word_1_190' title='bbox 224 2798 260 2849; x_wconf 90' lang='lat' dir='ltr'><strong>sic</strong></span> <span class='ocrx_word' id='word_1_191' title='bbox 276 2795 331 2848; x_wconf 83' lang='lat' dir='ltr'><strong>fere</strong></span> <span class='ocrx_word' id='word_1_192' title='bbox 350 2793 511 2847; x_wconf 71' lang='lat' dir='ltr'><strong>Salmasius:</strong></span> <span class='ocrx_word' id='word_1_193' title='bbox 528 2793 613 2853; x_wconf 72' lang='lat' dir='ltr'><strong>-ua,</strong></span> <span class='ocrx_word' id='word_1_194' title='bbox 634 2790 732 2857; x_wconf 83' lang='lat' dir='ltr'><strong>idest,</strong></span> <span class='ocrx_word' id='word_1_195' title='bbox 776 2794 804 2845; x_wconf 90' lang='lat' dir='ltr'><strong>in</strong></span> <span class='ocrx_word' id='word_1_196' title='bbox 827 2795 879 2849; x_wconf 91' lang='lat' dir='ltr'><strong>hoo</strong></span> <span class='ocrx_word' id='word_1_197' title='bbox 898 2795 1013 2850; x_wconf 86' lang='lat' dir='ltr'><strong>disticho</strong></span> <span class='ocrx_word' id='word_1_198' title='bbox 1035 2793 1231 2855; x_wconf 74' lang='lat' dir='ltr'><strong>indicaranissit</strong></span> 
     </span>
     <span class='ocr_line' id='line_1_28' title="bbox 222 2871 1228 2949; baseline 0.004 -21"><span class='ocrx_word' id='word_1_199' title='bbox 222 2877 251 2929; x_wconf 90' lang='lat' dir='ltr'><strong>in</strong></span> <span class='ocrx_word' id='word_1_200' title='bbox 260 2875 350 2928; x_wconf 87' lang='lat' dir='ltr'><strong>tabula</strong></span> <span class='ocrx_word' id='word_1_201' title='bbox 359 2871 502 2926; x_wconf 84' lang='lat' dir='ltr'><strong>duodecim</strong></span> <span class='ocrx_word' id='word_1_202' title='bbox 511 2873 619 2942; x_wconf 88' lang='lat' dir='ltr'><strong>punctis</strong></span> <span class='ocrx_word' id='word_1_203' title='bbox 629 2883 731 2937; x_wconf 81' lang='lat' dir='ltr'><strong>notata,</strong></span> <span class='ocrx_word' id='word_1_204' title='bbox 776 2874 870 2928; x_wconf 73' lang='lat' dir='ltr'><strong>tabula</strong></span> <span class='ocrx_word' id='word_1_205' title='bbox 881 2876 987 2930; x_wconf 73' lang='lat' dir='ltr'><strong>lusorias</strong></span> <span class='ocrx_word' id='word_1_206' title='bbox 997 2896 1077 2943; x_wconf 83' lang='lat' dir='ltr'><strong>usus,</strong></span> <span class='ocrx_word' id='word_1_207' title='bbox 1088 2890 1117 2930; x_wconf 83' lang='lat' dir='ltr'><strong>et</strong></span> <span class='ocrx_word' id='word_1_208' title='bbox 1127 2872 1228 2949; x_wconf 62' lang='lat' dir='ltr'><strong>duplet</strong></span> 
     </span>
     <span class='ocr_line' id='line_1_29' title="bbox 224 2949 1231 3022; baseline -0.002 -15"><span class='ocrx_word' id='word_1_209' title='bbox 224 2952 326 3008; x_wconf 88' lang='lat' dir='ltr'><strong>luditur</strong></span> <span class='ocrx_word' id='word_1_210' title='bbox 342 2951 376 3005; x_wconf 91' lang='lat' dir='ltr'><strong>ad</strong></span> <span class='ocrx_word' id='word_1_211' title='bbox 390 2965 513 3005; x_wconf 80' lang='lat' dir='ltr'><strong>tesseram</strong></span> <span class='ocrx_word' id='word_1_212' title='bbox 528 2971 536 3017; x_wconf 65' lang='grc' dir='ltr'>ι</span> <span class='ocrx_word' id='word_1_213' title='bbox 552 2964 578 3004; x_wconf 88' lang='lat' dir='ltr'><strong>et</strong></span> <span class='ocrx_word' id='word_1_214' title='bbox 593 2951 621 3004; x_wconf 88' lang='lat' dir='ltr'><strong>in</strong></span> <span class='ocrx_word' id='word_1_215' title='bbox 638 2949 730 3004; x_wconf 87' lang='lat' dir='ltr'><strong>eadem</strong></span> <span class='ocrx_word' id='word_1_216' title='bbox 775 2953 879 3022; x_wconf 83' lang='lat' dir='ltr'><strong>Duplex</strong></span> <span class='ocrx_word' id='word_1_217' title='bbox 897 2957 943 3008; x_wconf 87' lang='lat' dir='ltr'><strong>ille</strong></span> <span class='ocrx_word' id='word_1_218' title='bbox 962 2956 1020 3010; x_wconf 83' lang='lat' dir='ltr'><strong>esti’</strong></span> <span class='ocrx_word' id='word_1_219' title='bbox 1037 2960 1072 3010; x_wconf 76' lang='lat' dir='ltr'><strong>At</strong></span> <span class='ocrx_word' id='word_1_220' title='bbox 1087 2956 1172 3011; x_wconf 67' lang='lat' dir='ltr'><strong>usin</strong></span> <span class='ocrx_word' id='word_1_221' title='bbox 1187 2952 1231 3005; x_wconf 79' lang='lat' dir='ltr'><strong>lio·</strong></span> 
     </span>
     <span class='ocr_line' id='line_1_30' title="bbox 223 3032 1230 3097; baseline 0.003 -9"><span class='ocrx_word' id='word_1_222' title='bbox 223 3036 302 3089; x_wconf 85' lang='lat' dir='ltr'><strong>etiam</strong></span> <span class='ocrx_word' id='word_1_223' title='bbox 322 3033 411 3086; x_wconf 85' lang='lat' dir='ltr'><strong>tabula</strong></span> <span class='ocrx_word' id='word_1_224' title='bbox 430 3032 553 3097; x_wconf 90' lang='lat' dir='ltr'><strong>calculis,</strong></span> <span class='ocrx_word' id='word_1_225' title='bbox 566 3033 617 3086; x_wconf 91' lang='lat' dir='ltr'><strong>hoc</strong></span> <span class='ocrx_word' id='word_1_226' title='bbox 634 3044 674 3085; x_wconf 88' lang='lat' dir='ltr'><strong>est</strong></span> <span class='ocrx_word' id='word_1_227' title='bbox 692 3033 730 3084; x_wconf 87' lang='lat' dir='ltr'><strong>la·</strong></span> <span class='ocrx_word' id='word_1_228' title='bbox 774 3044 829 3083; x_wconf 83' lang='lat' dir='ltr'><strong>stro</strong></span> <span class='ocrx_word' id='word_1_229' title='bbox 842 3036 952 3097; x_wconf 85' lang='lat' dir='ltr'><strong>est,ubi</strong></span> <span class='ocrx_word' id='word_1_230' title='bbox 965 3034 1230 3091; x_wconf 76' lang='lat' dir='ltr'><strong>sicdeduobsirere·</strong></span> 
     </span>
     <span class='ocr_line' id='line_1_31' title="bbox 221 3110 1230 3181; baseline -0.002 -12"><span class='ocrx_word' id='word_1_231' title='bbox 221 3112 350 3169; x_wconf 87' lang='lat' dir='ltr'><strong>trunculis</strong></span> <span class='ocrx_word' id='word_1_232' title='bbox 369 3110 481 3165; x_wconf 84' lang='lat' dir='ltr'><strong>luditur.</strong></span> <span class='ocrx_word' id='word_1_233' title='bbox 506 3111 557 3166; x_wconf 90' lang='lat' dir='ltr'><strong>llic</strong></span> <span class='ocrx_word' id='word_1_234' title='bbox 581 3125 620 3166; x_wconf 90' lang='lat' dir='ltr'><strong>est</strong></span> <span class='ocrx_word' id='word_1_235' title='bbox 639 3131 730 3165; x_wconf 84' lang='lat' dir='ltr'><strong>sensus</strong></span> <span class='ocrx_word' id='word_1_236' title='bbox 774 3111 823 3164; x_wconf 91' lang='lat' dir='ltr'><strong>bus</strong></span> <span class='ocrx_word' id='word_1_237' title='bbox 839 3112 894 3164; x_wconf 87' lang='lat' dir='ltr'><strong>sive</strong></span> <span class='ocrx_word' id='word_1_238' title='bbox 909 3111 1230 3181; x_wconf 54' lang='lat' dir='ltr'><strong>virimandensium</strong></span> 
     </span>
     <span class='ocr_line' id='line_1_32' title="bbox 222 3190 1230 3267; baseline 0 -18"><span class='ocrx_word' id='word_1_239' title='bbox 222 3195 294 3249; x_wconf 90' lang='lat' dir='ltr'><strong>illius</strong></span> <span class='ocrx_word' id='word_1_240' title='bbox 306 3191 423 3246; x_wconf 78' lang='lat' dir='ltr'><strong>distichi.</strong></span> <span class='ocrx_word' id='word_1_241' title='bbox 433 3191 533 3246; x_wconf 72' lang='lat' dir='ltr'><strong>Eadem</strong></span> <span class='ocrx_word' id='word_1_242' title='bbox 547 3193 629 3263; x_wconf 82' lang='lat' dir='ltr'><strong>igitur</strong></span> <span class='ocrx_word' id='word_1_243' title='bbox 642 3193 730 3245; x_wconf 89' lang='lat' dir='ltr'><strong>tabula</strong></span> <span class='ocrx_word' id='word_1_244' title='bbox 772 3190 912 3263; x_wconf 81' lang='lat' dir='ltr'><strong>quamdam</strong></span> <span class='ocrx_word' id='word_1_245' title='bbox 935 3206 961 3246; x_wconf 89' lang='lat' dir='ltr'><strong>et</strong></span> <span class='ocrx_word' id='word_1_246' title='bbox 986 3196 1069 3250; x_wconf 90' lang='lat' dir='ltr'><strong>veluti</strong></span> <span class='ocrx_word' id='word_1_247' title='bbox 1085 3194 1191 3267; x_wconf 64' lang='lat' dir='ltr'><strong>compita</strong></span> <span class='ocrx_word' id='word_1_248' title='bbox 1204 3191 1230 3243; x_wconf 74' lang='lat' dir='ltr'><strong>ln</strong></span> 
     </span>
     <span class='ocr_line' id='line_1_33' title="bbox 220 3271 1230 3329; baseline -0.004 0"><span class='ocrx_word' id='word_1_249' title='bbox 220 3289 247 3329; x_wconf 86' lang='lat' dir='ltr'><strong>et</strong></span> <span class='ocrx_word' id='word_1_250' title='bbox 259 3273 362 3328; x_wconf 86' lang='lat' dir='ltr'><strong>tesseris</strong></span> <span class='ocrx_word' id='word_1_251' title='bbox 376 3285 403 3324; x_wconf 89' lang='lat' dir='ltr'><strong>et</strong></span> <span class='ocrx_word' id='word_1_252' title='bbox 415 3273 569 3326; x_wconf 88' lang='lat' dir='ltr'><strong>latrunculis</strong></span> <span class='ocrx_word' id='word_1_253' title='bbox 584 3273 727 3325; x_wconf 81' lang='lat' dir='ltr'><strong>serviebat:</strong></span> <span class='ocrx_word' id='word_1_254' title='bbox 771 3271 907 3324; x_wconf 86' lang='lat' dir='ltr'><strong>versiculis</strong></span> <span class='ocrx_word' id='word_1_255' title='bbox 925 3271 1072 3329; x_wconf 79' lang='lat' dir='ltr'><strong>instituere.</strong></span> <span class='ocrx_word' id='word_1_256' title='bbox 1086 3274 1130 3329; x_wconf 89' lang='lat' dir='ltr'><strong>Sio</strong></span> <span class='ocrx_word' id='word_1_257' title='bbox 1160 3272 1230 3325; x_wconf 81' lang='lat' dir='ltr'><strong>ineo</strong></span> 
     </span>
     <span class='ocr_line' id='line_1_34' title="bbox 221 3344 1230 3426; baseline 0.002 -16"><span class='ocrx_word' id='word_1_258' title='bbox 221 3354 268 3409; x_wconf 87' lang='lat' dir='ltr'><strong>scd</strong></span> <span class='ocrx_word' id='word_1_259' title='bbox 282 3353 395 3406; x_wconf 84' lang='lat' dir='ltr'><strong>alterum</strong></span> <span class='ocrx_word' id='word_1_260' title='bbox 416 3352 513 3404; x_wconf 77' lang='lat' dir='ltr'><strong>tabula</strong></span> <span class='ocrx_word' id='word_1_261' title='bbox 531 3353 612 3418; x_wconf 81' lang='lat' dir='ltr'><strong>latus,</strong></span> <span class='ocrx_word' id='word_1_262' title='bbox 628 3353 656 3403; x_wconf 87' lang='lat' dir='ltr'><strong>in</strong></span> <span class='ocrx_word' id='word_1_263' title='bbox 675 3371 729 3424; x_wconf 88' lang='lat' dir='ltr'><strong>quo</strong></span> <span class='ocrx_word' id='word_1_264' title='bbox 772 3351 968 3422; x_wconf 77' lang='lat' dir='ltr'><strong>epigrammate,</strong></span> <span class='ocrx_word' id='word_1_265' title='bbox 976 3355 1023 3407; x_wconf 91' lang='lat' dir='ltr'><strong>ubi</strong></span> <span class='ocrx_word' id='word_1_266' title='bbox 1033 3344 1230 3426; x_wconf 69' lang='lat' dir='ltr'><strong>respontttaelvel</strong></span> 
     </span>
     <span class='ocr_line' id='line_1_35' title="bbox 221 3429 1229 3503; baseline -0.004 -14"><span class='ocrx_word' id='word_1_267' title='bbox 221 3431 324 3489; x_wconf 83' lang='lat' dir='ltr'><strong>tesseris</strong></span> <span class='ocrx_word' id='word_1_268' title='bbox 341 3430 585 3496; x_wconf 82' lang='lat' dir='ltr'><strong>ludebatur,lineis</strong></span> <span class='ocrx_word' id='word_1_269' title='bbox 600 3432 642 3485; x_wconf 85' lang='lat' dir='ltr'><strong>vel</strong></span> <span class='ocrx_word' id='word_1_270' title='bbox 658 3451 728 3501; x_wconf 91' lang='lat' dir='ltr'><strong>pun·</strong></span> <span class='ocrx_word' id='word_1_271' title='bbox 772 3429 832 3494; x_wconf 82' lang='lat' dir='ltr'><strong>loc)</strong></span> <span class='ocrx_word' id='word_1_272' title='bbox 855 3439 892 3503; x_wconf 78' lang='grc' dir='ltr'><strong>τῷ</strong></span> <span class='ocrx_word' id='word_1_273' title='bbox 917 3433 955 3483; x_wconf 83' lang='lat' dir='ltr'><strong>lu&#39;c</strong></span> <span class='ocrx_word' id='word_1_274' title='bbox 975 3431 1032 3494; x_wconf 80' lang='lat' dir='ltr'><strong>(vel</strong></span> <span class='ocrx_word' id='word_1_275' title='bbox 1048 3434 1229 3503; x_wconf 68' lang='lat' dir='ltr'><strong>liae),th</strong></span> 
     </span>
     <span class='ocr_line' id='line_1_36' title="bbox 219 3509 1230 3586; baseline 0 -21"><span class='ocrx_word' id='word_1_276' title='bbox 219 3516 268 3569; x_wconf 83' lang='lat' dir='ltr'><strong>ctis</strong></span> <span class='ocrx_word' id='word_1_277' title='bbox 289 3509 430 3565; x_wconf 88' lang='lat' dir='ltr'><strong>duodecim</strong></span> <span class='ocrx_word' id='word_1_278' title='bbox 451 3509 617 3581; x_wconf 86' lang='lat' dir='ltr'><strong>descriptum</strong></span> <span class='ocrx_word' id='word_1_279' title='bbox 636 3510 728 3564; x_wconf 89' lang='lat' dir='ltr'><strong>distin·</strong></span> <span class='ocrx_word' id='word_1_280' title='bbox 772 3511 890 3575; x_wconf 85' lang='lat' dir='ltr'><strong>calculas,</strong></span> <span class='ocrx_word' id='word_1_281' title='bbox 904 3527 1042 3566; x_wconf 77' lang='lat' dir='ltr'><strong>numeratur</strong></span> <span class='ocrx_word' id='word_1_282' title='bbox 1055 3522 1089 3586; x_wconf 77' lang='grc' dir='ltr'><strong>τῷ</strong></span> <span class='ocrx_word' id='word_1_283' title='bbox 1098 3512 1230 3585; x_wconf 56' lang='grc' dir='ltr'><strong>Μίκων</strong></span> 
     </span>
     <span class='ocr_line' id='line_1_37' title="bbox 220 3590 1232 3663; baseline -0.003 -14"><span class='ocrx_word' id='word_1_284' title='bbox 220 3610 346 3663; x_wconf 84' lang='lat' dir='ltr'><strong>ctumque</strong></span> <span class='ocrx_word' id='word_1_285' title='bbox 369 3603 441 3654; x_wconf 86' lang='lat' dir='ltr'><strong>erat,</strong></span> <span class='ocrx_word' id='word_1_286' title='bbox 464 3591 490 3642; x_wconf 90' lang='lat' dir='ltr'><strong>in</strong></span> <span class='ocrx_word' id='word_1_287' title='bbox 514 3590 612 3661; x_wconf 87' lang='lat' dir='ltr'><strong>quibus</strong></span> <span class='ocrx_word' id='word_1_288' title='bbox 634 3590 728 3642; x_wconf 81' lang='lat' dir='ltr'><strong>calculi</strong></span> <span class='ocrx_word' id='word_1_289' title='bbox 769 3603 859 3659; x_wconf 65' lang='lat' dir='ltr'><strong>pruneto</strong></span> <span class='ocrx_word' id='word_1_290' title='bbox 880 3600 916 3663; x_wconf 80' lang='grc' dir='ltr'><strong>τῷ</strong></span> <span class='ocrx_word' id='word_1_291' title='bbox 933 3597 1028 3661; x_wconf 74' lang='lat' dir='ltr'><strong>gemino</strong></span> <span class='ocrx_word' id='word_1_292' title='bbox 1046 3591 1232 3663; x_wconf 58' lang='lat' dir='ltr'><strong>leostatm&#39;w</strong></span> 
     </span>
     <span class='ocr_line' id='line_1_38' title="bbox 219 3664 1230 3740; baseline -0.004 -11"><span class='ocrx_word' id='word_1_293' title='bbox 219 3677 290 3729; x_wconf 76' lang='lat' dir='ltr'><strong>varie</strong></span> <span class='ocrx_word' id='word_1_294' title='bbox 300 3671 614 3740; x_wconf 78' lang='lat' dir='ltr'><strong>disponebantur,prout</strong></span> <span class='ocrx_word' id='word_1_295' title='bbox 626 3681 728 3721; x_wconf 78' lang='lat' dir='ltr'><strong>tesserae</strong></span> <span class='ocrx_word' id='word_1_296' title='bbox 772 3671 838 3720; x_wconf 79' lang='lat' dir='ltr'><strong>hoste</strong></span> <span class='ocrx_word' id='word_1_297' title='bbox 861 3669 895 3724; x_wconf 88' lang='lat' dir='ltr'><strong>de</strong></span> <span class='ocrx_word' id='word_1_298' title='bbox 916 3673 1020 3724; x_wconf 82' lang='lat' dir='ltr'><strong>calculus</strong></span> <span class='ocrx_word' id='word_1_299' title='bbox 1039 3672 1182 3727; x_wconf 76' lang='lat' dir='ltr'><strong>dicitustm</strong></span> <span class='ocrx_word' id='word_1_300' title='bbox 1200 3664 1230 3719; x_wconf 82' lang='lat' dir='ltr'><strong>de</strong></span> 
     </span>
     <span class='ocr_line' id='line_1_39' title="bbox 219 3744 1230 3823; baseline -0.006 -14"><span class='ocrx_word' id='word_1_301' title='bbox 219 3754 383 3809; x_wconf 72' lang='lat' dir='ltr'><strong>cecidissent.</strong></span> <span class='ocrx_word' id='word_1_302' title='bbox 400 3751 493 3802; x_wconf 87' lang='lat' dir='ltr'><strong>Lineas</strong></span> <span class='ocrx_word' id='word_1_303' title='bbox 512 3749 568 3801; x_wconf 86' lang='lat' dir='ltr'><strong>illas</strong></span> <span class='ocrx_word' id='word_1_304' title='bbox 587 3749 641 3801; x_wconf 90' lang='lat' dir='ltr'><strong>sive</strong></span> <span class='ocrx_word' id='word_1_305' title='bbox 662 3768 728 3818; x_wconf 89' lang='lat' dir='ltr'><strong>pun·</strong></span> <span class='ocrx_word' id='word_1_306' title='bbox 769 3752 841 3818; x_wconf 81' lang='lat' dir='ltr'><strong>perit.</strong></span> <span class='ocrx_word' id='word_1_307' title='bbox 855 3750 899 3802; x_wconf 86' lang='lat' dir='ltr'><strong>Sic</strong></span> <span class='ocrx_word' id='word_1_308' title='bbox 914 3752 995 3822; x_wconf 85' lang='lat' dir='ltr'><strong>igitur</strong></span> <span class='ocrx_word' id='word_1_309' title='bbox 1008 3752 1036 3805; x_wconf 91' lang='lat' dir='ltr'><strong>in</strong></span> <span class='ocrx_word' id='word_1_310' title='bbox 1047 3744 1230 3823; x_wconf 72' lang='lat' dir='ltr'><strong>priorsesiudo</strong></span> 
     </span>
     <span class='ocr_line' id='line_1_40' title="bbox 219 3828 1230 3901; baseline -0.008 -13"><span class='ocrx_word' id='word_1_311' title='bbox 219 3851 260 3890; x_wconf 80' lang='lat' dir='ltr'><strong>cta</strong></span> <span class='ocrx_word' id='word_1_312' title='bbox 270 3876 277 3901; x_wconf 84' lang='lat'>‚</span> <span class='ocrx_word' id='word_1_313' title='bbox 288 3838 377 3901; x_wconf 69' lang='lat' dir='ltr'><strong>sarapta</strong></span> <span class='ocrx_word' id='word_1_314' title='bbox 390 3831 469 3883; x_wconf 86' lang='lat' dir='ltr'><strong>etiam</strong></span> <span class='ocrx_word' id='word_1_315' title='bbox 484 3829 572 3881; x_wconf 82' lang='lat' dir='ltr'><strong>Latini</strong></span> <span class='ocrx_word' id='word_1_316' title='bbox 583 3828 726 3888; x_wconf 78' lang='lat' dir='ltr'><strong>vocabant,</strong></span> <span class='ocrx_word' id='word_1_317' title='bbox 773 3829 964 3901; x_wconf 81' lang='lat' dir='ltr'><strong>br&#39;s&#39;senopuacto</strong></span> <span class='ocrx_word' id='word_1_318' title='bbox 970 3830 1003 3884; x_wconf 92' lang='lat' dir='ltr'><strong>de</strong></span> <span class='ocrx_word' id='word_1_319' title='bbox 1011 3829 1230 3888; x_wconf 64' lang='lat' dir='ltr'><strong>fecundatum,</strong></span> 
     </span>
     <span class='ocr_line' id='line_1_41' title="bbox 216 3902 1230 3985; baseline -0.007 -17"><span class='ocrx_word' id='word_1_320' title='bbox 216 3917 301 3968; x_wconf 67' lang='lat' dir='ltr'><strong>Greci</strong></span> <span class='ocrx_word' id='word_1_321' title='bbox 320 3910 437 3985; x_wconf 78' lang='grc' dir='ltr'><strong>γραμμὰς</strong></span> <span class='ocrx_word' id='word_1_322' title='bbox 458 3911 499 3962; x_wconf 84' lang='lat' dir='ltr'><strong>vel</strong></span> <span class='ocrx_word' id='word_1_323' title='bbox 519 3911 666 3979; x_wconf 71' lang='grc' dir='ltr'>γράμματα.</span> <span class='ocrx_word' id='word_1_324' title='bbox 688 3910 728 3960; x_wconf 81' lang='lat' dir='ltr'><strong>lta</strong></span> <span class='ocrx_word' id='word_1_325' title='bbox 772 3910 808 3959; x_wconf 83' lang='lat' dir='ltr'><strong>od</strong></span> <span class='ocrx_word' id='word_1_326' title='bbox 821 3922 931 3961; x_wconf 81' lang='lat' dir='ltr'><strong>tesseram</strong></span> <span class='ocrx_word' id='word_1_327' title='bbox 945 3909 1111 3965; x_wconf 72' lang='lat' dir='ltr'><strong>referendum</strong></span> <span class='ocrx_word' id='word_1_328' title='bbox 1125 3902 1230 3967; x_wconf 73' lang='lat' dir='ltr'><strong>aeumul-</strong></span> 
     </span>
     <span class='ocr_line' id='line_1_42' title="bbox 215 3990 950 4059; baseline -0.005 -14"><span class='ocrx_word' id='word_1_329' title='bbox 215 3996 364 4047; x_wconf 80' lang='lat' dir='ltr'><strong>Salmasiuo.</strong></span> <span class='ocrx_word' id='word_1_330' title='bbox 376 3995 409 4045; x_wconf 79' lang='lat' dir='ltr'><strong>At</strong></span> <span class='ocrx_word' id='word_1_331' title='bbox 421 3991 576 4043; x_wconf 88' lang='lat' dir='ltr'><strong>Gronovius</strong></span> <span class='ocrx_word' id='word_1_332' title='bbox 588 4001 726 4059; x_wconf 86' lang='lat' dir='ltr'><strong>postquam</strong></span> <span class='ocrx_word' id='word_1_333' title='bbox 773 4007 808 4039; x_wconf 91' lang='lat' dir='ltr'><strong>no</strong></span> <span class='ocrx_word' id='word_1_334' title='bbox 822 3990 950 4041; x_wconf 84' lang='lat' dir='ltr'><strong>existima.</strong></span> 
     </span>
    </p>
   </div>
   <div class='ocr_carea' id='block_1_8' title="bbox 0 0 1276 4822">
    <p class='ocr_par' dir='ltr' id='par_1_8' title="bbox 0 0 1276 4822">
     <span class='ocr_line' id='line_1_43' title="bbox 0 0 1276 4822; baseline 0 1"><span class='ocrx_word' id='word_1_335' title='bbox 0 0 1276 4822; x_wconf 95' lang='lat' dir='ltr'><strong> </strong></span> 
     </span>
    </p>
   </div>
   <div class='ocr_carea' id='block_1_9' title="bbox 1268 704 1272 1581">
    <p class='ocr_par' dir='ltr' id='par_1_9' title="bbox 1268 704 1272 1581">
     <span class='ocr_line' id='line_1_44' title="bbox 1268 704 1272 1581; baseline 0 0"><span class='ocrx_word' id='word_1_336' title='bbox 1268 704 1272 1581; x_wconf 95' lang='lat' dir='ltr'><strong> </strong></span> 
     </span>
    </p>
   </div>
  </div>
 </body>
</html>
