2738 4808
207 316 658 387 EPIGRAMMATUM
687 321 782 388 LlB.
811 324 901 390 XII.
1037 324 1086 396 65

477 522 637 609 LXX.

431 748 483 793 ns
522 720 672 795 arno*

138 927 210 980 urat
228 908 330 979 ferret
349 913 440 1003 Apro
458 911 566 978 vatius
589 934 692 1003 quum
712 906 850 979 vernula
873 937 996 1008 nuper,

138 1019 173 1085 Et
191 1040 288 1111 supra
308 1013 456 1110 togulam
479 1014 568 1085 lusca
587 1016 717 1085 sederet
736 1041 836 1101 anus,

138 1148 182 1217 [ue
200 1122 264 1194 olei
282 1121 401 1191 stillam
423 1121 518 1190 daret
538 1122 776 1193 enterocelicus
792 1140 930 1211 unctor,

138 1230 280 1298 Udorum
303 1230 440 1298 tetricus
461 1253 580 1297 censor
596 1242 630 1298 et
650 1252 748 1325 asper
769 1245 848 1299 erat.

138 1335 285 1431 lugendos
301 1334 435 1420 calices,
451 1333 757 1430 effundendumque
773 1335 947 1405 Falernum
1078 1369 1089 1409 ς

138 1510 203 1562 mae
219 1506 284 1562 edd.
301 1519 365 1561 vett.
386 1519 412 1560 et
432 1508 532 1580 Delpb.
577 1509 645 1560 bene
658 1506 813 1580 ungendum
824 1527 922 1582 corpus
936 1529 1023 1566 emere
1031 1532 1092 1585 pos-

138 1609 147 1642 ’.
162 1590 245 1642 Vanus
263 1587 322 1640 MS.
343 1588 372 1640 in
385 1605 469 1659 marg.
488 1585 531 1641 ed.
577 1589 1089 1661 set.—Entemcelicus,·quienterocela

138 1688 178 1740 ¹7·
193 1700 233 1712 -
250 1669 337 1720 Lintea
351 1669 432 1734 ferret
450 1668 531 1737 Apro.
577 1667 696 1720 laborat:
708 1669 856 1722 enterocele
870 1682 958 1723 autem
971 1669 1089 1738 dicitur,

138 1749 226 1821 quibus
247 1750 320 1820 Aper
340 1741 410 1800 lotus
431 1747 531 1801 sbster·
577 1765 660 1817 quum
676 1746 831 1802 intestinum
845 1767 943 1802 cecum
959 1740 1090 1823 (lazapo)

148 1830 292 1900 Postquam
303 1826 375 1880 enim
389 1828 417 1879 in
430 1827 531 1881 balneis
577 1825 704 1880 dilatatur
718 1828 745 1880 in
762 1842 895 1894 scrotum3
909 1830 1088 1901 epiploocele,

140 1950 149 1976 ,
168 1909 230 1963 oleo
247 1925 303 1961 sese
315 1905 531 1979 perfundebant,
576 1925 659 1977 quum
672 1919 808 1961 omentum
817 1927 825 1973 ;
835 1907 1089 1983 hydrocele,quum

138 1988 219 2061 loque
234 2000 372 2059 unguento
386 1987 531 2050 beatiores,
575 1985 603 2038 in
620 1988 732 2040 alterum
749 2005 763 2040 e
780 1989 892 2041 testibus
909 1987 1007 2042 humor
1022 2010 1089 2044 cou-

139 2089 152 2122 s
165 2082 259 2141 postea
274 2067 455 2139 tergebantur,
469 2085 530 2138 quae
576 2065 652 2118 fluit:
663 2086 755 2120 omnes
770 2067 818 2120 has
829 2069 929 2139 species
941 2069 1030 2122 Latini
1043 2090 1090 2123 vo·

138 2146 298 2203 ›inflereuda
305 2147 443 2200 curabant.
451 2147 531 2218 Apul·
575 2146 670 2199 cabant
681 2146 809 2211 Hernica,
820 2159 851 2200 ut
864 2147 952 2218 inquit
961 2148 1029 2203 Cels.
1039 2150 1087 2203 lib.

139 2230 189 2282 lib.
203 2230 227 2281 1.
242 2226 295 2281 Sed
314 2227 444 2280 beatiores
462 2225 529 2279 deli·
575 2226 841 2298 vl1,cap.18.En.

138 2328 179 2382 [ce
205 2325 236 2362 ac
263 2307 402 2360 molliores
423 2305 530 2359 mollius
616 2312 641 2370 4.
659 2305 785 2358 Nudorum
803 2304 865 2358 edd.
883 2317 948 2359 vett.
964 2318 991 2359 et
1008 2307 1086 2362 Barb.

138 2403 193 2442 tur.
219 2385 386 2440 Petronius:
413 2386 529 2456 ultaque
574 2384 658 2450 Quod
672 2404 777 2439 sensum
792 2397 885 2457 aptum
902 2385 1013 2439 minime
1028 2388 1087 2442 effi-

138 2488 170 2523 ,ηε
180 2469 324 2531 balneam,
338 2478 365 2518 ct
375 2463 473 2518 sudore
486 2484 529 2518 ca·
573 2464 634 2518 ciet.
649 2464 699 2518 llic
713 2466 784 2518 enim
797 2463 862 2537 quid
878 2463 912 2517 ad
929 2484 1000 2532 rem,
1013 2467 1087 2538 quod

138 2559 270 2602 momento
287 2546 415 2617 temporis
427 2542 462 2599 ad
481 2545 529 2598 fri·
574 2557 631 2597 toto
653 2563 767 2615 corpore
781 2544 849 2597 nudi
868 2545 988 2598 lavarent
1007 2548 1086 2601 Anti·

138 2629 292 2682 amussim
299 2625 465 2679 Trimalchio
477 2644 528 2678 un·
574 2625 640 2695 qui?
651 2626 757 2696 Legunt
770 2644 833 2695 ergo
846 2624 941 2679 melius
956 2625 1000 2678 alii
1018 2627 1087 2679 Udo·

138 2709 261 2781 perfusus
282 2719 354 2775 terge
369 2706 457 2770 batur,
472 2724 527 2757 non
574 2723 641 2768 rum,
657 2704 721 2757 vino
737 2704 837 2758 scilicet
857 2702 1035 2758 madidorum.
1047 2740 1086 2750 -

138 2788 164 2842 sd
171 2788 259 2860 palliis
267 2805 298 2838 ex
309 2784 529 2838 mollissimalana
577 2783 683 2836 Udorum
703 2787 815 2847 tetricus,
832 2795 882 2838 etc.
903 2786 976 2855 Aper
995 2786 1086 2840 lavau-

142 2866 251 2921 llerald.
265 2898 303 2907 -
322 2866 419 2918 Varius.
433 2864 529 2918 Vatius
573 2864 640 2915 tium
663 2864 755 2916 luxum
776 2864 868 2935 quiin
890 2864 990 2918 balneis
1006 2879 1085 2936 pota-

138 2968 171 3001 ur
186 2948 233 3019 qui
250 2943 332 3018 pedes
340 2957 473 2998 extrorsus
486 2942 528 2996 di·
573 2944 653 3008 bant,
673 2961 764 3015 aspere
786 2942 1013 3014 reprehendebat;
1032 2946 1084 2998 cla·

138 3029 225 3092 nabet‚
242 3024 309 3079 dum
327 3044 402 3076 carus
421 3037 461 3077 cst
481 3025 528 3095 qui
572 3023 669 3077 mitana
684 3041 781 3095 nempe
796 3021 957 3094 frangendos
976 3025 1087 3093 calices,

138 3106 276 3161 tdistortis
285 3119 324 3158 est
333 3103 464 3158 cruribus.
474 3104 525 3156 En.
572 3101 601 3154 id
622 3116 676 3166 est,
692 3121 748 3156 non
770 3100 947 3156 admittendas
968 3105 1083 3175 potatio-

139 3208 210 3259 supra
221 3185 338 3256 togulam.
348 3184 390 3236 Ne
398 3182 527 3237 subduce-
572 3201 626 3235 nes.
641 3183 729 3248 Quam
745 3183 842 3235 multos
859 3182 931 3235 enim
949 3183 1024 3236 istius
1041 3202 1085 3256 ge·

138 3287 160 3321 tc
173 3268 245 3320 enim
258 3264 525 3335 babebatservosqui
571 3263 642 3316 ueris
664 3262 784 3316 invenias
806 3261 946 3315 homiues.
969 3263 1098 3317 Catones'

138 3346 271 3402 todirent.
569 3342 658 3395 saeculi
674 3344 729 3408 sui,
741 3342 868 3395 virtutem
880 3340 1030 3407 laudantes,
1041 3345 1083 3395 ri·

138 3440 219 3480 meree
245 3425 357 3495 Opelicm
378 3421 441 3476 edd.
461 3435 524 3476 vett.
571 3422 614 3475 tiis
628 3423 788 3488 irascentes,
801 3420 847 3474 sed
857 3421 904 3493 qui
920 3447 932 3469 ι
947 3419 1082 3475 detestan-

140 3509 283 3579 Empcricm
305 3503 361 3556 Ms.
390 3503 417 3554 in
442 3521 523 3574 marg.
570 3515 614 3554 tur
625 3502 682 3555 baec
692 3503 720 3554 in
735 3501 867 3566 felicibus,
879 3499 1018 3564 eadem,si
1032 3520 1082 3572 po·

138 3591 227 3656 :1617
237 3607 244 3651 ;
255 3582 328 3656 quod
339 3584 406 3636 forte
416 3583 449 3636 ab
459 3583 522 3634 Em·
570 3583 687 3648 tuerint,
697 3581 790 3635 facturi
801 3606 813 3628 ι
827 3577 904 3641 (Sen.
919 3582 1009 3634 Benef.
1024 3581 1041 3633 l.
1054 3584 1081 3647 1,

138 3664 231 3739 »ppido
245 3662 451 3717 Tarraconensis
462 3664 524 3715 llis·
569 3680 628 3732 cap.
644 3654 690 3731 9),
702 3688 713 3709 ι
722 3673 748 3714 et
761 3661 800 3714 sic
812 3660 924 3713 aliorum
941 3660 1012 3713 vitiis
1028 3661 1081 3714 ira·

138 3760 269 3809 ›xortnm‚
286 3755 398 3796 notante
410 3742 447 3794 ibi
466 3744 523 3794 viro
569 3754 688 3806 scuntur,
705 3739 780 3812 quasi
796 3738 939 3793 invideant.
952 3766 963 3788 ι
978 3740 1048 3794 Ptin.
1062 3742 1080 3793 l.

138 3828 243 3898 -Atque
254 3825 308 3876 olei.
321 3824 411 3888 Quum
426 3823 453 3873 in
468 3823 524 3874 bal·
570 3821 652 3885 VIII,
664 3820 748 3893 Epist.
767 3839 812 3873 aa.
824 3851 863 3862 -
878 3820 930 3872 Pro
941 3822 982 3891 qui
992 3820 1077 3881 modo,

138 3906 378 3963 mnturVeteres,
392 3915 444 3954 tam
457 3921 524 3972 pau·
569 3902 637 3953 forte
646 3901 697 3970 leg.
710 3904 731 3952 si
746 3899 815 3951 modo
825 3919 835 3951 .·
851 3910 910 3964 aut,
922 3898 989 3970 quod
1000 3898 1079 3949 mdo.

142 3990 226 4059 Aper,
241 3997 272 4036 ut
287 4002 336 4036 nec
352 3983 413 4034 satis
426 3982 476 4032 olei
492 3981 525 4033 ad
612 3984 637 4034 5.
660 3979 827 4049 Frangendos·
852 3979 989 4031 Clamabat
1006 3978 1080 4057 Aper

875 4083 896 4155 5
