2542 4822
123 301 557 371 EPIGRAMMATUM
586 301 681 367 LIII.
710 300 822 365 XIII.
932 295 999 369 155

373 530 558 619 CXIII.

340 764 599 809 runnnttunt.

123 946 253 1015 undana
273 946 348 1016 tulit
366 945 442 1016 felix
460 963 638 1015 autumnus
654 949 784 1041 Opimi3
875 970 878 975 '

123 1054 210 1123 ressir
229 1068 375 1121 mustum
394 1052 527 1137 consul,
545 1067 578 1120 et
597 1055 667 1146 ipse
687 1053 779 1120 bibit.

123 1236 227 1290 ruvinii
238 1236 338 1290 scilicet
351 1256 366 1289 a
377 1237 446 1289 Fun·
489 1234 535 1288 ned
548 1235 648 1306 antiqui
665 1235 728 1288 felix
741 1234 854 1288 siccetur
868 1235 968 1306 Opimi.
985 1263 996 1283 ι.

128 1316 280 1387 Campania
304 1316 342 1370 uic
365 1314 444 1370 dicta.
532 1335 557 1368 u.
571 1316 615 1369 Sic
626 1314 683 1367 IIIS.
699 1316 802 1369 Beverl.
814 1315 920 1367 Multum
935 1314 997 1369 edd.

123 1394 192 1459 xlv,
210 1414 268 1468 cup.
285 1401 318 1450 6:
332 1423 343 1443 ι
358 1397 391 1448 Iu
404 1396 445 1448 vi·
489 1407 553 1449 vett.
564 1427 603 1438 -
614 1396 740 1466 Expmsit
753 1395 861 1447 mulsum.
869 1395 927 1448 Hoc
943 1408 998 1460 eet,

123 1492 181 1545 que
205 1488 350 1529 nuscuntur
371 1475 445 1528 Fun·
489 1475 581 1527 vinnm
602 1473 668 1529 adeo
688 1474 766 1528 dulce
787 1476 909 1545 beneque
932 1475 998 1527 efle-

123 1554 166 1605 =lis
186 1567 321 1609 autumnus.
343 1555 445 1608 Plinius
489 1567 576 1618 ctum,
593 1568 622 1608 ut
636 1555 787 1608 mulnonon
799 1554 995 1607 teretinleriuu.

123 1635 445 1769 ilhbfilttl‘tff
489 1631 999 1779 Illtltttlt‘tlllttlttt.

123 1793 281 1867 buppuret,
294 1795 445 1849 indubitato
489 1794 711 1865 intellige-Ipse
720 1794 787 1846 bibit.
794 1794 865 1846 Inue
877 1793 931 1845 vini
947 1804 998 1856 eet,

123 1872 145 1925 ii
155 1888 330 1945 argumento,
341 1877 394 1945 jem
407 1876 447 1927 in·
491 1872 565 1944 quod
577 1893 610 1927 eo
622 1893 693 1927 enno
706 1893 762 1945 quo
777 1891 945 1945 expressum,
960 1890 999 1924 ee·

123 1972 178 2006 rurn
204 1954 306 2007 bonum
330 1954 415 2008 Itulie.
432 1979 443 1998 ι
490 1967 530 2006 set
540 1956 593 2024 jam
607 1954 807 2006 mulsumzboc
821 1965 872 2020 eet,
884 1952 999 2005 muleum

123 2033 143 2097 ἶ,
153 2050 197 2104 ep.
208 2052 297 2099 mn,
308 2052 338 2104 7:
353 2034 447 2086 «Τειιιι
492 2032 638 2086 videretur.
652 2032 795 2086 Domitius.

380 2239 556 2327 CXIV.

332 2471 605 2515 TRIFOLINUIII.

126 2656 160 2698 ιιι
182 2632 224 2698 de
240 2634 368 2724 primo,
384 2631 507 2717 fateor,
522 2630 680 2698 Trifolina
700 2636 815 2724 Lyaeo,

123 2738 231 2804 rvina
253 2751 363 2805 tumen
385 2740 524 2831 septima
545 2739 619 2805 vitis
641 2763 707 2805 ero.

123 2934 157 3002 nl
177 2933 300 3023 πρώτου
319 2932 439 3021 Βάκχου
458 2936 633 3024 Τριφολῖνος
652 2932 800 3022 ἐτύχθην,

123 3063 151 3113 ις
171 3044 231 3101 τῶν
250 3035 334 3102 οἴνων
354 3029 487 3128 {hinnit
504 3039 565 3128 εἰμι
585 3040 707 3128 βότρυς.

123 3248 153 3282 ια.
170 3229 286 3294 Plinius,
302 3231 349 3282 Iih.
371 3231 447 3292 xlv,
535 3253 560 3282 n.
579 3233 606 3279 V
604 3237 642 3282 itii
659 3252 706 3281 cro.
726 3231 819 3280 Mouet
836 3229 1000 3281 Scbrevelius

123 3310 214 3379 npeniu
226 3328 314 3379 nuper
323 3310 447 3361 excitavit
493 3312 638 3363 Palatinum
653 3310 739 3380 legere
752 3312 823 3361 lautis
837 3330 884 3361 ero.
900 3309 998 3361 Contra

124 3388 175 3440 bue
187 3389 380 3453 auctoritatem,
392 3391 447 3440 sive
492 3391 646 3462 rhythmum
661 3403 686 3442 et
702 3390 866 3441 latinitatem.
877 3389 1000 3458 —Srpti-

123 3485 196 3530 casn,
218 3466 252 3519 ad
279 3481 402 3539 quartum
432 3489 446 3520 a
492 3490 538 3521 ma.
555 3470 639 3538 Supra
650 3489 694 3521 sex
707 3470 761 3521 vini
777 3469 877 3539 species
892 3487 999 3520 enume-

123 3544 176 3600 Iem
189 3548 358 3611 Trebellicis,
371 3551 445 3618 juxta
491 3549 558 3600 ravit
568 3549 646 3600 Poeta
655 3568 661 3600 :
670 3551 723 3617 jam
730 3549 861 3600 Trifolinu
870 3546 1000 3616 datsepti·

123 3626 208 3687 llinis,
225 3641 252 3680 et
268 3628 295 3679 in
317 3647 365 3679 suo
385 3647 446 3698 agro
492 3646 564 3679 mum
579 3628 674 3679 Iocum.
688 3629 721 3679 Et
735 3629 785 3679 lruc
800 3629 914 3681 Galenus
928 3626 998 3696 apud

123 3706 213 3778 ilioqui
222 3727 326 3779 semper
335 3708 446 3778 plebeia,
491 3709 658 3771 Athen-num,
668 3709 689 3771 1,
700 3727 722 3760 c.
739 3714 785 3771 24,
793 3709 838 3779 qui
846 3708 919 3759 hunc
928 3705 999 3758 ordi·

123 3820 125 3831 ι
146 3787 285 3856 gloriata.»
308 3820 347 3829 --
364 3790 444 3859 Lyceo.
491 3807 551 3839 neru
563 3789 674 3858 assignat
684 3806 689 3839 :
699 3787 998 3850 Fuhrnmffllbanum,

124 3884 203 3918 omen
226 3881 264 3920 est
284 3868 379 3921 Buccbi
399 3868 444 3938 qui
490 3869 697 3930 Surrentinum,
713 3869 878 3937 Rheginum,
896 3866 999 3917 Priver-

136 3948 258 3999 sumitur.
491 3967 549 4011 nur,
560 3948 744 4014 Formianum,
754 3946 815 3999 dein
827 3946 998 3999 'I'rilnlinum¹
