2542 4822
473 306 521 373 Μ.
538 308 646 375 VAL.
670 310 971 381 MARTIALIS

626 534 822 623 XXXII.
858 586 861 591 ·

554 761 599 804 rn
626 732 899 809 vicennam*

301 942 334 1006 Ο
348 932 368 1007 J
370 958 534 1007 ortanum
553 936 697 1008 dedecus
713 938 959 1027 Kalendarum,

302 1043 400 1132 Vidi,
411 1045 576 1132 Vacerra,
595 1046 739 1115 sarcinas
759 1059 851 1133 tuas,
865 1047 953 1117 vidi:

301 1151 395 1239 Quas
409 1175 478 1219 non
496 1165 640 1220 retentas
658 1153 816 1247 pensione
834 1179 896 1249 pro
914 1154 1006 1224 bima

302 1257 460 1327 Portabat
475 1281 560 1327 uror
577 1257 650 1327 rufa
667 1258 813 1328 crinibus
831 1275 980 1355 septem,

281 1366 440 1433 'Etcum
464 1389 577 1435 sorore
597 1389 680 1434 cana
700 1380 807 1434 mater
827 1368 972 1461 ingenti;

303 1473 417 1540 Furias
435 1473 550 1565 putavi
568 1487 666 1540 nocte
684 1473 771 1542 Ditis
785 1497 937 1542 emersas.
1035 1502 1040 1512 ·

305 1580 374 1646 Has
394 1592 430 1645 tu
448 1579 574 1672 priores
593 1578 714 1673 frigore
734 1593 767 1648 et
785 1579 872 1648 fame
892 1581 1019 1667 siccus,

304 1686 349 1752 Et
369 1709 437 1753 non
456 1686 580 1754 recenti
598 1683 740 1780 pallidus
760 1687 865 1781 magis
880 1685 986 1773 buxo,

303 1793 380 1859 lrus
397 1805 533 1861 tuorum
551 1806 758 1887 temporum,
779 1791 978 1886 sequebaris.
1079 1844 1083 1857 .

305 1898 453 1992 Migrare
468 1896 591 1966 clivum
610 1896 761 1968 crederes
779 1899 960 1968 Aricinum.

305 2004 381 2072 lbat
398 2005 500 2099 tripes
518 2004 690 2099 grabatus,
707 2020 742 2074 et
761 2005 855 2100 bipes
873 2014 1006 2092 mensa,

306 2112 351 2179 Et
373 2136 451 2181 cum
473 2106 630 2199 lucerna,
650 2137 838 2206 corneoque
856 2125 983 2205 cratere

242 2288 405 2351 ‘Vacerram
414 2295 520 2351 divitias
530 2297 713 2362 simulantem,
757 2313 818 2350 cere
845 2309 937 2349 monet
955 2294 1107 2351 adnotator.
1122 2328 1161 2338 -
1178 2295 1247 2349 &m

203 2374 420 2431 mendicabulum
444 2378 568 2431 omnibus
589 2375 714 2430 deriden·
757 2379 857 2446 ingenti.
879 2379 966 2429 AEtnte
986 2374 1102 2439 scilieet,
1121 2372 1248 2430 secundnm

204 2457 270 2511 dum
284 2456 409 2511 ostendit.
758 2453 906 2523 Raderumg
920 2454 1010 2510 adulta
1020 2468 1112 2509 autem
1126 2468 1153 2509 et
1163 2464 1250 2509 carente

248 2556 273 2591 r.
285 2537 311 2590 0
322 2538 457 2599 luliarum,
476 2549 526 2590 etc.
538 2537 601 2601 Quo
618 2556 715 2608 nempe
758 2535 830 2597 viro,
843 2533 991 2589 secundum
1003 2536 1163 2590 Domitium.
1173 2534 1251 2605 ragat

204 2631 324 2689 tempore
331 2635 412 2669 novas
419 2614 487 2669 mdes
494 2615 643 2670 conducere
651 2618 717 2671 sole·
759 2616 828 2668 forte
840 2616 936 2669 melius
949 2617 1048 2669 celeres
1060 2627 1164 2670 tantum
1175 2613 1206 2668 ed
1216 2612 1253 2668 int·

204 2699 271 2751 hant
279 2697 401 2750 Romani.
412 2696 554 2750 Suetonius
565 2697 593 2748 in
607 2697 715 2750 Tiberio
759 2715 864 2748 manem
877 2696 998 2767 corporis
1012 2696 1206 2768 proceritatem.

203 2792 262 2849 cap.
277 2777 331 2830 85:
348 2777 492 2829 «Senatori
514 2777 598 2830 latum
612 2778 716 2830 clavum
801 2778 828 2830 8.
847 2776 906 2829 Non
930 2779 1026 2830 recenti.
1047 2777 1108 2830 Hoc
1123 2787 1178 2839 est,
1193 2770 1254 2828 utto

204 2856 316 2921 ademit,
328 2874 412 2927 quum
423 2857 588 2928 cognovisset
599 2857 649 2910 sub
660 2859 716 2911 Ka·
759 2857 830 2908 buxo
844 2854 978 2927 pallidior.

204 2934 297 2990 lendas
309 2937 374 3005 Julii
389 2934 548 3008 demigrasse
565 2937 591 2989 in
605 2937 717 3003 hortos,
801 2956 828 3005 9.
842 2935 887 2988 Ad
902 2955 942 2987 rus
962 2932 1021 2988 MS.
1043 2935 1147 2988 Beverl.
1161 2966 1201 2978 —
1214 2934 1258 2988 lm

205 3036 261 3088 qno
274 3016 421 3087 viliuspost
432 3017 504 3071 diem
520 3015 589 3070 aedes
602 3019 629 3070 in
642 3019 716 3070 Urbe
760 3029 853 3066 satorum
871 3027 1007 3086 temporam.
1023 3015 1088 3068 Erat
1107 3015 1152 3069 ille
1167 3012 1259 3068 mendi-

206 3094 395 3159 conduceret.·
759 3095 979 3149 cusetomuium
993 3094 1147 3148 mortalium
1158 3113 1260 3167 pauper

248 3176 274 3229 3.
285 3178 416 3241 Proxima,
429 3197 485 3231 non
496 3196 543 3248 pro
558 3178 638 3241 bima,
656 3179 715 3232 MS.
759 3177 860 3238 rimus,
876 3173 910 3228 de
927 3194 981 3246 quo
996 3172 1060 3228 vide
1075 3193 1157 3247 snpra
1175 3176 1221 3229 lib.
1235 3173 1262 3233 V.

208 3256 360 3310 BeverL—
376 3259 444 3327 Quas
466 3278 514 3309 non
531 3269 640 3310 retentus.
658 3259 717 3311 Hoc
760 3256 846 3327 epigr.
861 3274 905 3307 11..

207 3350 246 3390 est
256 3369 264 3394 t
275 3354 339 3407 ques
346 3336 542 3391 conductarum
553 3356 567 3388 a
582 3352 608 3391 te
618 3337 716 3390 aedium
804 3355 848 3388 ro.
858 3335 951 3388 Clitum
963 3335 1100 3390 Aricinum.
1111 3335 1167 3388 Ubi
1179 3333 1265 3389 sedent

205 3416 329 3469 dominus
341 3436 392 3488 pro
404 3416 531 3489 pensione
544 3418 663 3484 biennii,
676 3429 718 3470 ut·
760 3414 889 3480 mendici,
904 3415 951 3467 lib.
962 3415 1007 3480 11,
1021 3415 1105 3486 epigr.
1121 3434 1179 3468 xrx.
1191 3413 1267 3481 Quasi

206 3509 269 3568 pote
290 3497 411 3562 viliores,
432 3497 552 3569 pignoris
571 3497 630 3551 loco
652 3499 716 3552 reti·
760 3493 973 3561 dicat,crederes
985 3492 1124 3547 mendicos
1136 3512 1228 3549 omnes
1240 3513 1268 3547 ex

206 3596 269 3630 nere
284 3576 378 3630 noluit.
760 3576 830 3629 colle
853 3576 977 3636 Aricino,
997 3574 1044 3626 ubi
1066 3574 1269 3645 frequentissimi

248 3663 275 3717 4.
285 3657 365 3726 Ilapta
375 3675 424 3727 pro
436 3659 492 3724 rufa
506 3655 588 3709 codex
600 3658 655 3711 MS.
668 3659 717 3710 be·
760 3669 923 3728 spectantur,
940 3655 993 3707 alio
1007 3652 1155 3708 discedere.

204 3734 492 3791 valendi—Crinibus
507 3749 601 3807 septem.
619 3738 651 3791 Id
663 3751 716 3805 est,
805 3754 850 3788 11.
871 3737 895 3787 Τ
893 3739 955 3806 ripas
968 3734 1095 3804 grabatus.
1108 3732 1180 3786 Vilis
1195 3734 1260 3788 nimi

204 3836 271 3870 uxor
284 3828 329 3868 tua
345 3817 426 3870 calva.
760 3834 821 3869 rum
832 3815 929 3880 lectus,
941 3814 986 3867 cui
998 3825 1028 3866 ut
1039 3824 1065 3866 et
1075 3832 1174 3867 mensae
1187 3813 1264 3868 decre

247 3898 274 3950 5.
287 3897 363 3951 Casta
379 3894 440 3949 cod.
457 3896 484 3948 in
499 3915 579 3967 marg.
597 3896 639 3950 ed.
655 3898 715 3951 Par.
762 3914 832 3948 unus
855 3913 923 3965 pes:
939 3913 1034 3947 mensa
1049 3893 1122 3947 enim
1138 3907 1169 3948 ut
1188 3894 1263 3966 pluri

211 3982 282 4046 1617
292 4016 301 4042 ,
313 3977 359 4029 ubi
374 3997 434 4029 corsa
450 3977 533 4047 magis
550 3976 583 4029 nd
602 3996 658 4029 rem
679 3979 717 4030 fa·
762 3995 837 4028 mum
854 3975 941 4028 tribus
958 3972 1072 4045 pedibus
1087 3973 1269 4028 fulciebantur
