2542 4822
158 335 205 433 76
444 336 615 404 mvii.
642 332 942 403 minuatis
990 303 991 307 '

261 469 334 538 Sint
353 465 430 538 licet
446 466 581 536 infantis
600 463 783 536 sordidiora
803 466 887 535 sinu.

208 574 354 675 Exiguos
377 587 466 644 secto
487 587 673 642 comentem
691 571 789 642 dente
809 568 967 665 capillos,

262 681 361 756 Dicet
378 678 541 750 Achilleas
558 679 757 774 disposuisse
774 700 898 748 comas.

169 793 170 796 ’
210 790 360 857 Fumosae
374 785 458 855 feret
472 789 541 881 ipsc
556 786 668 881 tropin
684 785 726 854 de
744 783 824 853 saecc
842 780 986 878 lagenae,

262 893 392 962 Frontis
410 907 445 962 et
464 892 639 963 humorem
662 889 795 986 colliget
816 913 920 984 usque
938 902 1023 977 tuae3

210 1000 334 1067 Omnia
355 998 521 1086 laudabit,
541 997 715 1067 mirabitur
732 997 863 1083 omnia,
880 994 988 1066 donec

262 1107 440 1200 Perpessus
458 1104 550 1174 dicas
564 1104 661 1173 taedia
678 1101 785 1190 mille,
800 1103 898 1171 Veni.

156 1283 297 1337 mebautur
311 1280 345 1335 ad
367 1301 466 1354 corpus
482 1295 541 1353 post
557 1282 666 1334 lavatio·
711 1280 751 1333 vis
763 1298 841 1352 pars,
856 1289 884 1331 et
899 1277 945 1332 hic
963 1278 1118 1351 sumiturpr

156 1381 218 1416 nem
233 1360 461 1432 abstergendum„
712 1358 825 1431 vapido,
838 1355 914 1432 quod
929 1370 969 1413 est
984 1357 1014 1411 in
1023 1359 1118 1430 lagena

201 1446 227 1497 8.
242 1441 299 1495 Situ
312 1441 394 1495 Palat.
408 1439 468 1494 cod.
711 1436 871 1511 Hujusmodi
878 1438 944 1491 rino
952 1438 1118 1493 utebantur

199 1542 225 1590 9.
239 1520 310 1574 Sesto
322 1522 400 1574 dente.
415 1521 474 1574 Hoc
486 1533 540 1588 est,
552 1522 665 1594 pectine.
712 1519 754 1573 vel
763 1516 797 1572 sd
805 1536 920 1590 corpora
930 1516 1062 1572 &luenda
1072 1518 1099 1570 in
1109 1517 1118 1571 l

202 1619 244 1654 10.
260 1600 335 1654 Coma
355 1601 456 1654 habent
474 1600 534 1667 alii;
551 1599 598 1654 sed
612 1599 668 1654 vid.
712 1600 755 1652 rel
767 1598 801 1653 sd
817 1597 950 1652 vomitum
965 1609 1027 1652 ante
1039 1615 1118 1652 coeou

159 1680 249 1733 Heius.
264 1678 298 1732 od
313 1678 394 1735 Orid.
409 1680 500 1733 Amor.
516 1683 544 1746 1,
556 1680 669 1746 xrr,35.
713 1677 793 1739 dum,
810 1678 901 1749 inquit
916 1677 1035 1732 Rodum.

158 1760 323 1813 -Aclsillecr
330 1780 417 1813 comas.
426 1759 486 1815 Hoc
494 1773 541 1826 est,
549 1773 607 1814 tuas
614 1777 670 1814 esse
757 1777 801 1812 rs.
811 1759 924 1830 Ipscpro
931 1776 1005 1828 usqae
1011 1756 1054 1812 od.
1065 1758 1118 1811 aaa

158 1838 251 1903 flavas,
263 1852 290 1893 et
304 1840 444 1911 pulchras,
456 1840 545 1911 quales
558 1839 669 1894 Achillis
713 1837 779 1892 alios
796 1837 883 1908 legere
902 1837 1007 1891 notavit
1028 1836 1118 1890 Famal

157 1937 245 1972 comas
260 1918 350 1973 laudat
364 1919 505 1973 Homerus.
712 1929 764 1972 stat
779 1931 868 1971 tamen
883 1916 991 1988 vulgata
1004 1915 1118 1970 lentot

202 2017 243 2052 ιι.
256 2000 357 2070 rmpn.
369 1999 425 2053 MS.
438 1998 595 2053 Bererl.sed
606 2000 667 2052 bar·
715 2010 764 2050 τιατ
778 1995 840 2050 cod·
857 1997 962 2050 Beverl.

157 2078 263 2131 bare-
272 2080 371 2150 Tropin.
385 2080 453 2144 Qun
466 2092 504 2133 est
519 2080 610 2132 infima
622 2098 669 2131 na·
756 2083 800 2134 ra.
817 2077 889 2131 Veni.
904 2074 947 2130 nd
962 2093 1072 2130 conam.

545 2273 833 2362 LXXXIV.

549 2491 601 2535 DE
635 2490 835 2536 Fauiano

317 2657 478 2725 Dunrson
501 2653 664 2722 Fabianus
687 2651 895 2735 hermarum,

318 2764 445 2829 Omnes
467 2785 566 2854 quem
589 2759 690 2828 modo
710 2757 793 2828 colei
812 2757 974 2828 timebant

320 2867 496 2936 Dicentem
518 2865 661 2935 tumidas
679 2868 714 2934 in
731 2863 944 2957 hydrocelas,

318 2975 489 3061 Quantum
513 2997 574 3042 uec
594 2972 660 3041 duo
680 2972 828 3040 dicerent
850 2968 991 3053 Catulli,

318 3082 358 3147 In
377 3080 515 3149 thermis
531 3079 643 3149 subito
661 3078 860 3148 Neronianis

319 3186 411 3255 Vidit
429 3212 463 3255 se
483 3188 597 3273 miser,
619 3200 652 3254 et
674 3199 784 3254 tacere
804 3187 914 3278 coepit.

202 3368 228 3418 3.
236 3367 396 3440 Hydmcelas.
406 3369 517 3421 Morbus
524 3381 579 3422 erat
588 3387 620 3422 ex
630 3388 674 3440 ge·
717 3367 804 3430 simis,
816 3379 894 3438 atque
904 3364 1118 3438 splendidissimis

163 3463 227 3499 nere
245 3448 470 3512 enterocelarum‚
490 3462 516 3501 et
529 3448 601 3502 idem
616 3449 672 3501 lere
717 3446 843 3500 ndificiis.
854 3444 920 3499 Vid.
937 3463 998 3517 qun
1019 3443 1054 3498 de
1072 3445 1116 3499 his

160 3525 539 3599 quodhernia,nempequum
547 3528 672 3582 intestina
717 3529 759 3591 ll,
775 3527 860 3596 epigr.
877 3543 982 3589 xuvnn
1002 3524 1050 3578 lib.
1072 3527 1115 3578 111

161 3605 317 3660 (illabuntur
332 3608 359 3659 in
381 3619 507 3661 scrotum.
524 3607 594 3662 Vide
614 3628 672 3679 qun
717 3625 783 3670 xxv3
797 3605 915 3670 liuvlt,
925 3603 1009 3675 epigr.
1025 3623 1117 3667 mar,

162 3685 339 3758 sosiussupra
352 3685 553 3760 diximus‚pag.
566 3688 672 3743 stan
717 3704 784 3738 mus.
811 3684 983 3738 Pulchriores
1007 3696 1098 3738 tamen

203 3771 229 3829 4.
246 3765 369 3834 Quantum
383 3787 426 3819 nec
440 3767 497 3820 diso.
511 3769 631 3823 Catullus
644 3769 672 3820 in
717 3765 897 3827 Domitianus,
919 3764 1071 3829 Caracalla,
1089 3765 1118 3818 Di

163 3847 240 3899 hasce
255 3845 428 3918 hyperbolice
444 3846 517 3901 dicit.
717 3864 768 3898 nus
784 3858 943 3899 exstruxere.

203 3925 229 3978 5.
246 3927 276 3978 ln
296 3927 392 3979 thermis
414 3927 568 3980 Neronianis.
590 3928 671 3981 Erant
758 3929 785 3977 6.
803 3926 892 3976 Tacere
907 3926 986 3994 coepit.
998 3923 1072 3989 Quis
1085 3943 1118 3977 ne

162 4005 270 4059 thermo
281 4006 438 4062 Neronianis
446 4027 531 4060 unum
541 4027 572 4060 ex
582 4007 672 4060 rastis·
717 4017 775 4058 ctus
792 4018 818 4057 et
834 4005 890 4076 ipse
906 4016 946 4058 est
960 4003 1114 4059 herniosus.
