2738 4808
289 362 733 431 EPIGRAMMATUM
763 364 858 431 ΗΒ.
887 365 993 430 xlv.
1100 361 1169 456 173

587 590 689 675 XV.

531 794 749 869 russas*

177 1016 243 1083 tort
263 1015 323 1083 sim
344 1013 489 1082 talorum
508 1036 647 1080 numero
669 1035 730 1105 par
749 1027 888 1093 tessera,
910 1012 988 1080 dum
1013 1016 1052 1081 sit

214 1121 339 1213 Major,
356 1143 456 1212 quam
475 1116 566 1201 tatis,
583 1117 655 1186 alea
673 1142 759 1212 saepe
781 1118 873 1186 mihi.

183 1305 279 1356 ”essem
289 1303 430 1356 Vitruvius
438 1302 537 1356 lib.V:
552 1303 620 1356 ¹Cu·
665 1303 760 1356 Graeco
778 1303 886 1355 nomine
901 1300 973 1362 κὺῧος
989 1305 1143 1375 appellatur.
1161 1332 1171 1350 ι

155 1380 229 1447 burst,
252 1402 351 1455 corpus
371 1401 403 1435 ex
428 1401 473 1434 sex
494 1382 620 1435 lateribus
708 1405 730 1434 r.
749 1382 806 1436 Non
824 1386 868 1434 sim
885 1401 981 1434 memero
992 1403 1047 1453 par.
1067 1385 1176 1437 Duabus

155 1464 202 1529 oeqi
216 1461 357 1516 latitudine
369 1462 541 1534 planitierum
555 1481 620 1535 qua·
664 1463 736 1515 enim
749 1463 868 1515 tribusve
878 1463 996 1529 tesseris,
1007 1478 1123 1534 quatuor
1133 1484 1177 1517 nu·

153 1536 221 1595 dnn.
238 1544 266 1596 ls
280 1561 365 1614 quum
378 1555 416 1596 est
425 1544 527 1614 jactus,
541 1561 621 1615 quam
666 1555 719 1595 tem
734 1540 768 1595 ad
786 1542 928 1595 minimum
944 1542 1017 1608 talis,
1032 1542 1177 1596 contende-

156 1617 254 1687 iattem
265 1623 405 1686 incubuit,
418 1621 483 1675 dum
500 1635 539 1676 est
552 1623 621 1675 inta-
665 1623 745 1676 batur
762 1623 790 1675 in
808 1622 865 1675 acie
882 1623 988 1675 iusoria,
1004 1623 1178 1695 calcagninus

156 1703 338 1755 etuimmotam
358 1702 441 1755 babet
459 1704 621 1757 stationem:
666 1700 700 1756 de
712 1702 837 1756 Tesseris.
850 1701 922 1755 Vide
937 1703 983 1755 lib.
999 1703 1138 1775 X111,ep.
1156 1723 1175 1756 1.

158 1777 217 1834 ntirt
226 1782 539 1853 etiamtesserae,quasin
547 1783 622 1835 alveo
709 1802 733 1834 a.
758 1783 842 1850 Manr
862 1782 924 1834 alea.
952 1783 1011 1835 Hoc
1034 1795 1089 1849 est,
1112 1782 1178 1835 dum

160 1854 231 1915 ides
246 1863 357 1933 jaciunt.
377 1889 388 1909 ι
405 1862 561 1916 Macrobius
575 1861 621 1915 Sa·
667 1864 753 1933 major
764 1862 879 1933 pecunia
890 1882 950 1915 meo
962 1860 1039 1923 ludo,
1052 1881 1131 1934 quam
1143 1877 1179 1915 ta·

164 1949 254 1995 tanu-
266 1942 315 1995 lib.
331 1943 441 2014 [Imp.
455 1962 469 1995 a
482 1960 489 1995 :
500 1942 623 1996 -Tessera
667 1941 700 1993 lis
712 1942 903 1994 committatur.

580 2144 713 2231 XVI.

511 2337 784 2417 rusurensis*

215 2537 254 2611 ia:
274 2541 335 2609 scit
357 2542 560 2634 compositos
581 2561 698 2607 manus
719 2535 872 2631 improba
894 2539 1026 2605 mittere
1049 2536 1148 2619 talos,

228 2649 253 2715 ii
269 2670 330 2741 per
345 2671 399 2714 me
414 2647 523 2730 misit,
536 2642 582 2713 nil
602 2645 663 2713 nisi
679 2658 758 2712 vota
778 2643 864 2712 facit.

218 2820 455 2918 Ειθοδευθέντας
477 2839 541 2931 χεὶρ
564 2839 686 2922 bobien
706 2835 814 2931 ἄςριας
836 2827 929 2931 ἴδρις,

239 2948 257 3013 ’.ί
280 2938 322 3013 δι’
343 2950 419 3038 ἐμοῦ
442 2942 582 3031 βέὸληκ’,
605 2946 745 3038 εὔγματα
766 2953 863 3037 μοῦνα
883 2953 970 3011 ποιεῖ.

207 3136 218 3160 ’
232 3142 320 3202 lculu.
333 3148 399 3213 Qua
412 3166 510 3219 nempe
521 3148 629 3200 inventa
672 3164 787 3217 pyrgum
795 3142 839 3208 (al.
847 3137 966 3216 phimum)
977 3147 1185 3210 talos,merredr

168 3238 207 3279 est
227 3226 355 3282 attendas
377 3228 406 3280 in
426 3226 492 3280 ludo
513 3228 629 3280 talorum
673 3226 769 3279 diurna
781 3223 1061 3297 Conductumpavit.·

168 3300 631 3363 sundetoratorumffurriculsau-
717 3325 741 3358 r.
774 3306 931 3375 Compositos.
958 3307 1093 3359 Aleatores
1115 3307 1185 3358 eninr

168 3397 222 3438 tem
232 3382 365 3462 heylindri
378 3387 557 3440 mathematici
568 3387 630 3439 satis
673 3384 785 3457 quidam
798 3385 952 3456 peritissimi
966 3398 993 3439 et
1007 3385 1075 3440 lucri
1089 3385 1186 3441 avidis·

168 3462 356 3522 similest-mam
368 3467 502 3532 habebat,
515 3485 579 3520 cava
592 3479 630 3519 ta·
674 3466 733 3518 simi
747 3467 783 3518 ita
799 3466 828 3517 in
843 3484 924 3518 manu
946 3467 1013 3518 talos
1029 3485 1097 3538 saepe
1112 3485 1186 3518 eom-

167 3561 232 3596 men
242 3547 473 3620 etrecapreolatim
486 3545 630 3618 gradatim·
674 3546 832 3616 ponebant,
847 3558 877 3598 ut
890 3558 980 3617 optata
998 3559 1097 3617 puncta
1118 3565 1187 3617 saepe

167 3641 223 3695 que
241 3620 274 3683 eb
295 3641 327 3681 ut
344 3627 390 3682 tali
406 3625 559 3679 excutiendi
579 3626 629 3678 im·
674 3639 843 3698 apparerent.

167 3704 272 3774 pinget·
292 3707 381 3762 Greci
405 3707 499 3760 Graeco
520 3706 630 3759 nomine
717 3725 742 3757 a.
761 3706 834 3758 Feret
850 3704 907 3758 MS.
926 3706 1029 3758 Reverl.
1045 3737 1084 3749 --
1100 3704 1131 3757 Si
1144 3724 1189 3774 per

170 3781 287 3854 appellit
296 3789 397 3859 πύργον,
408 3805 459 3859 qua
468 3786 547 3839 etiam
559 3784 630 3857 apud
676 3805 719 3837 me.
734 3784 822 3856 siper
835 3803 893 3848 me,
908 3785 1064 3837 turriculam
1078 3802 1188 3853 nempe.

169 3862 418 3920 Latinoralescenre
432 3884 498 3919 voce
514 3885 578 3918 usus
592 3878 632 3919 est
676 3883 708 3918 ex
719 3883 770 3937 qua
782 3883 828 3917 seu
839 3882 926 3936 pyrgo
936 3883 1019 3935 quum
1028 3865 1189 3916 emittuntur

171 3940 499 4010 Horatitb.11,sat.v11,
510 3965 544 4014 17
554 3964 560 3998 ε
570 3946 631 4017 «qui
676 3945 739 4006 tali,
756 3945 846 3996 nullus
856 3942 930 4008 dolo,
945 3943 991 3996 sed
1002 3946 1117 3999 fortunae
1131 3957 1189 3997 tam·

171 4040 225 4091 pro
240 4038 270 4073 *θ
282 4040 350 4090 ποι,
365 4039 445 4097 atque
464 4025 584 4078 Mitteret
602 4025 630 4076 in
677 4036 734 4076 tum
746 4025 820 4077 locus
832 4037 880 4076 est.
