2542 4822
152 354 596 423 EPIGRAMMATUM
625 358 719 423 LIB.
749 358 864 423 XIII.
971 381 1035 427 121

459 582 561 668 LII.

452 814 570 859 ANAS.

152 1002 286 1095 quidem
306 1015 450 1094 ponatur
469 1022 549 1069 enas
564 1026 572 1066 ε
590 1000 648 1068 sed
667 1015 801 1093 pectore
818 1014 965 1085 tantum,

146 1109 277 1177 cervice
298 1109 408 1201 sapit:
429 1121 547 1175 cetera
571 1105 671 1174 redde
690 1131 807 1199 coquo.

135 1345 159 1385 nr
179 1323 255 1393 ὅλην
276 1319 421 1413 παράθες·
447 1320 499 1384 τὸν
520 1309 551 1383 δ’
570 1320 681 1410 αὐχένα
703 1320 827 1410 νόςιμός
847 1322 912 1401 icc,

135 1424 209 1492 ὶτὰ
226 1427 329 1519 ςέρνα·
352 1424 393 1492 τὰ
412 1416 442 1489 δ’
465 1421 503 1490 αὖ
519 1422 615 1491 λοιπὰ
636 1424 776 1517 μάγειρος
798 1427 874 1516 ἔχοι.

135 1609 199 1663 ,De
216 1621 324 1661 metum
341 1609 451 1661 natione
467 1621 493 1660 et
536 1608 581 1660 ris.
599 1606 650 1659 llic
665 1626 728 1661 vero
744 1626 808 1661 curn
827 1609 919 1663 mullis
931 1610 1046 1665 libenter

135 1678 494 1753 ribusmcllehebetl'liuius‚
536 1686 1047 1761 quesierim,quomododejecinorenil

135 1767 279 1835 libemus,
292 1767 493 1841 Dipnueophist.
536 1766 677 1832 cecinerit,
689 1766 764 1838 quod
772 1768 917 1841 optimum,
925 1770 1009 1824 immo
1019 1784 1046 1825 et

135 1846 171 1903 ed
187 1848 247 1902 Iure
262 1847 352 1901 onmis
370 1847 492 1901 ornitho-
537 1847 659 1900 amerino
671 1848 749 1919 longe
763 1846 873 1915 melius,
885 1850 981 1903 Iemem
995 1852 1046 1905 eibi

142 1942 222 1981 eunte
233 1928 421 1983 etiemconsuli
431 1940 491 1998 pot·
537 1925 609 1997 apud
627 1928 759 1981 Romanos
776 1928 968 1983 architriclinus
982 1948 1046 1984 con·

136 2008 301 2079 Bruyerinue
308 2008 389 2062 delle
396 2008 492 2061 cibario
537 2007 627 2059 ciliare
648 2005 791 2075 debuerat3
804 2008 857 2062 uisi
873 2010 942 2063 sorte
951 2023 1048 2080 pectore

135 2087 390 2159 ,31.-Sedpectcre.
399 2088 493 2140 Pectus
537 2085 579 2139 hic
609 2106 659 2156 pro
689 2090 767 2155 jecore
795 2088 912 2159 positum
940 2090 973 2141 eb
1000 2090 1047 2142 illo

135 2168 196 2221 rvix
210 2169 334 2239 gratioris
342 2181 403 2221 sunt
416 2186 492 2238 sapo-
537 2165 626 2218 luerit.
639 2166 690 2219 En.

450 2370 582 2455 LIII.

415 2560 618 2633 rourum*

146 2757 277 2850 pinguis
296 2757 376 2823 mihi
392 2770 501 2823 turtur
519 2757 597 2841 erit,
616 2754 762 2839 lactuca,
783 2755 921 2840 valebis,

151 2860 304 2931 cochleas
323 2861 381 2929 tibi
400 2861 508 2929 habe:
529 2861 667 2954 perdere
684 2861 762 2930 nolo
776 2862 907 2931 famem.

135 3063 183 3115 sito
201 3062 295 3133 pingui
315 3074 434 3125 turture,
449 3061 494 3112 ab·
538 3080 631 3114 vocem
643 3063 752 3133 proprie
766 3062 884 3127 denotat,
895 3067 1019 3132 οῑτρύζειν
1035 3083 1049 3116 s

135 3184 137 3193 .
158 3161 174 3195 e
193 3142 304 3195 lactucis
321 3139 387 3193 dicit
407 3154 433 3193 et
450 3159 494 3192 co·
539 3143 631 3211 τρυγὼν
648 3139 796 3206 derivatur,
813 3141 884 3193 unde
899 3162 947 3213 per
963 3145 1047 3195 levem

135 3223 185 3275 luti
210 3221 371 3283 vilioribus,
397 3233 494 3272 stoma·
539 3222 715 3273 mutationem
733 3234 818 3274 turtur.

146 3300 305 3355 mendum
334 3300 495 3353 delicatiori·
582 3320 606 3351 π.
626 3301 732 3352 Prodere
751 3301 810 3353 cod.
834 3302 935 3353 Beverl.
955 3334 995 3343 —
1011 3304 1047 3352 Ee

539 3382 654 3433 cochleas.
668 3380 701 3431 II.
718 3399 742 3435 e.
757 3382 826 3433 Nolo
841 3382 973 3441 cochleas,
989 3401 1049 3451 quae

135 3462 279 3523 cumulabis.
288 3461 355 3512 Polo
363 3460 496 3530 scripsisse
540 3473 602 3512 sunt
615 3461 713 3530 species
726 3462 927 3531 conchyliorum
945 3458 1049 3522 (minus

140 3541 338 3593 hceucccalelr't.
345 3540 496 3611 Alloquitur
540 3558 638 3610 nempe
656 3540 775 3593 delicere
794 3559 872 3612 quam
889 3542 944 3592 hcc
959 3543 1049 3593 Rome

135 3622 277 3686 intorem,
285 3622 325 3672 vel
333 3622 495 3692 quicumque
540 3621 608 3673 tanti
619 3621 744 3673 estimato
754 3633 851 3683 ostrea,
864 3622 962 3683 echini,
971 3614 1048 3687 eccl:

135 3704 240 3754 urunt:
255 3699 327 3771 quod
342 3713 450 3771 apparet
464 3717 495 3752 ex
540 3700 591 3752 hoc
607 3714 661 3764 est,
677 3699 741 3752 dum
752 3702 856 3753 habebo
872 3702 944 3753 cibos
956 3699 1050 3754 delicu-

135 3801 164 3832 ιιι
171 3786 272 3852 pinguis
283 3782 341 3831 milri
352 3792 430 3831 turtur
440 3784 494 3831 erit.
540 3781 642 3842 tiores,
663 3800 676 3833 a
691 3781 832 3833 vilioribus
847 3781 991 3833 abstinebo.
1010 3812 1048 3820 -

155 3862 193 3914 sic
212 3882 228 3914 o
248 3880 315 3913 voce
334 3860 493 3931 appellamur
541 3860 644 3911 Perdere
660 3861 715 3911 nolo
725 3862 826 3927 samem.
843 3862 900 3912 Hoc
916 3873 965 3924 est,
978 3859 1049 3910 Nolo

135 3954 272 4011 retopoeem
295 3939 403 3993 tradunt
419 3941 495 3992 Anti·
541 3959 696 3993 consumere
715 3942 810 3992 samem
831 3941 859 3992 in
881 3937 1049 3992 comedendis

154 4039 236 4090 grece
255 4023 346 4089 τρύζιιν
363 4033 496 4072 turturum
542 4021 649 4072 lactucis
666 4034 691 4072 cl
703 4021 826 4072 cochleis.
838 4019 898 4070 vid.
914 4037 971 4088 sup.
