2738 4808
232 330 655 403 EPIGRAMMATUM
682 335 775 403 LIB.
803 336 917 403 XIII.
1034 361 1098 408 111

472 557 685 647 XXXX

448 759 702 836 auctrice*
759 784 764 797 ·

110 974 201 1043 linia
221 975 349 1045 Pieenae
369 977 466 1044 venio
485 978 652 1047 Lucanica
671 1001 801 1073 porcae3

151 1077 297 1151 Pultibus
314 1081 392 1151 hinc
411 1084 514 1151 niveis
532 1098 626 1179 grata
642 1107 766 1153 corona
780 1083 886 1155 datur.

10 1296 13 1335 ÷
104 1256 229 1335 Πικηνῆς
245 1255 341 1337 atate
355 1258 542 1352 γρομφαίνης
560 1258 620 1353 εἰμὶ
634 1261 786 1355 γένεθλον,

148 1364 282 1443 Χιονὲοις
300 1370 426 1442 παλτοῖς
443 1367 548 1456 ςέμμα
568 1356 776 1458 δοθησόμενος.

91 1536 234 1598 'Lamiae
254 1542 316 1599 edel.
340 1560 404 1601 vett.
427 1566 492 1620 quaa
508 1565 548 1601 ae·
592 1565 657 1618 quaa
673 1560 700 1601 et
716 1547 787 1601 iaicia
805 1546 878 1601 dicit.
889 1549 1046 1622 Quanquam
1063 1554 1100 1607 vi·

63 1622 133 1691 quitor
142 1622 185 1678 ed.
194 1624 273 1679 bart.
591 1625 672 1681 detur
689 1626 737 1682 baa
754 1628 789 1682 ab
813 1628 865 1681 illia
880 1631 1022 1701 sejunxiaae
1036 1634 1099 1705 api·

92 1720 112 1756 r.
123 1703 189 1757 Filia
198 1704 313 1769 Pateria,
323 1717 374 1759 ato.
385 1706 549 1761 Faroimene
592 1707 664 1773 eius,
677 1707 723 1760 lib.
735 1707 775 1768 11,
793 1725 850 1778 cap.
865 1726 888 1761 r.

63 1781 285 1838 moddaearm'bua
294 1803 384 1856 porco·
395 1786 423 1838 in
432 1805 495 1858 agro
506 1785 551 1840 Pi·
634 1806 660 1840 a.
675 1785 750 1839 Cibat
762 1805 812 1858 pro
826 1788 900 1839 datar
918 1792 975 1842 eod.
995 1790 1096 1845 Beverl.

10 1888 14 1903 ·
63 1861 147 1915 mitro
161 1862 312 1918 natavid.
329 1865 376 1917 lib.
395 1867 447 1928 IV,
463 1866 547 1938 epigr.
592 1877 619 1919 et
628 1863 687 1919 cod.
701 1867 728 1919 in
737 1884 821 1938 marg.
833 1865 876 1920 ed.
891 1867 950 1920 Par.
968 1872 1098 1937 1617.-

64 1954 158 2007 xanm.
170 1942 327 2009 8‚etlib.V,
335 1945 420 2016 epigr.
434 1963 547 2000 axxrtrr.
592 1944 717 2007 Pultibus,
732 1958 782 2000 etc.
791 1946 858 1999 Oraa
869 1949 966 2017 patine
977 1947 1097 2002 babentia

64 2016 96 2071 CI.
104 2020 174 2075 etiam
186 2022 222 2077 (Ie
233 2023 267 2076 iia
277 2023 335 2078 fuae
342 2022 474 2079 diaaerena
483 2026 546 2096 Api·
591 2026 694 2096 pultem
707 2044 739 2079 ex
748 2026 836 2079 tritioo
847 2024 986 2080 candidam
998 2044 1060 2097 ergo
1070 2041 1097 2081 et

64 2096 104 2151 tina
118 2100 161 2155 lib
183 2103 226 2171 11,
241 2120 300 2174 cap.
323 2108 340 2157 6
359 2115 424 2158 toto.
446 2104 546 2157 Tribna
589 2105 694 2157 niveam
714 2116 745 2157 ut
759 2104 890 2169 triticum,
904 2107 994 2177 cingit.
1010 2106 1052 2159 Sic
1070 2118 1097 2160 et

64 2173 191 2235 Norbana
201 2182 344 2237 Athenaeus
355 2180 390 2237 (le
400 2184 545 2247 Lucanioia,
589 2181 670 2236 hodie
684 2182 719 2237 ad
734 2184 874 2238 brassicam
888 2197 1069 2258 apponuntur.

451 2386 693 2475 XXXVI

495 2592 636 2669 ouva?

102 2782 186 2870 llnc,
200 2807 276 2878 quae
291 2784 416 2853 Picenis
433 2784 523 2851 venit
537 2782 698 2853 subducta
716 2786 866 2877 trapetis,

142 2889 299 2977 Inchoat,
318 2904 416 2984 atque
431 2887 545 2958 eadem
566 2888 638 2958 finit
656 2888 742 2958 oliva
760 2889 869 2984 dapes.

99 3063 223 3137 Πικηνοῦ
243 3074 408 3157 τριπτῆρος
425 3064 676 3158 ὑπεκκλεφθεῖσα,
693 3066 745 3133 καὶ
760 3066 837 3159 ἀρχὴ

141 3157 263 3240 Horta
278 3163 405 3254 δαιτὸς,
424 3172 475 3239 καὶ
491 3172 578 3251 τέλος
594 3174 671 3247 αὐτὴ
688 3173 752 3263 ἔφυ.

86 3340 100 3410 ⁸.
107 3348 203 3403 Cistella
220 3351 336 3403 olivarnm
355 3350 413 3403 MS.
437 3350 540 3403 Bererl.
585 3350 674 3404 baccis
685 3348 875 3420 oliverumagi‚
887 3367 942 3401 non
951 3347 984 3402 de
991 3350 1093 3403 arbore.

54 3438 74 3477 tt
84 3425 120 3482 td.
133 3430 207 3482 Borb.
224 3461 265 3472 -
280 3428 366 3483 Olina
382 3447 479 3483 nomen
503 3442 544 3483 eat
629 3452 652 3482 r.
669 3428 800 3483 Subducta.
815 3428 874 3482 lloo
891 3441 948 3490 eat,
969 3430 1037 3482 oliva
1053 3429 1093 3483 in·

52 3519 173 3573 tamone
188 3522 215 3563 et
231 3508 320 3562 arbori
337 3527 389 3580 qna
403 3510 488 3563 baccae
502 3510 541 3561 se·
586 3520 673 3580 tegra,
692 3528 724 3562 ex
744 3526 795 3580 qua
817 3508 916 3562 seilicet
932 3508 1019 3560 oleum
1038 3527 1093 3562 noo

48 3598 163 3642 mmet
174 3589 237 3661 ipris
248 3588 350 3651 baccis,
361 3607 420 3660 quaa
432 3589 541 3661 proprio
585 3601 624 3642 eat
644 3606 804 3660 caprearum.
818 3587 878 3640 Lib.
894 3588 921 3651 Ι,
939 3588 1091 3659 epigramm.

45 3668 115 3739 aragia
138 3669 249 3722 nomine
271 3667 440 3739 colymbades
460 3667 540 3721 dioti-
584 3686 666 3731 xm,
684 3671 722 3723 8:
743 3668 814 3721 cNeo
839 3665 873 3720 de
894 3667 998 3720 Piceoia
1018 3669 1093 3721 venit

44 3755 130 3801 taotnr.
156 3747 343 3811 Dioscorides,
368 3748 415 3800 lib.
436 3749 465 3813 I,
481 3766 539 3819 oap.
584 3746 655 3801 oliva
672 3745 752 3801 cedia.
766 3772 778 3793 ι

43 3825 100 3883 138.
113 3828 154 3881 De
171 3828 268 3881 arbore
285 3827 403 3890 Plinius,
417 3827 464 3881 lib.
478 3828 540 3892 XV,
625 3848 651 3880 a.
667 3828 776 3879 Inchoat.
792 3826 830 3879 Ut
846 3824 897 3879 cibi
914 3826 1091 3897 appetentiam

36 3902 67 3958 de
91 3908 192 3961 ratione
218 3920 245 3960 et
273 3907 348 3959 cultu
375 3906 537 3971 Columella,
585 3906 684 3960 incitat.
702 3906 744 3960 Sio
760 3917 787 3958 et
798 3903 871 3976 apud
888 3923 937 3957 noa
951 3903 1091 3958 hodie.-

35 3986 108 4050 Cato,
124 3984 265 4041 Palladiae.
281 3986 331 4041 IIio
344 4004 408 4040 raro
422 3998 494 4057 patet
507 3984 541 4039 de
585 3987 663 4041 Finit.
677 3986 715 4040 Ut
731 3983 864 4039 fastidium
877 3994 972 4038 arceat.
