2542 4822
172 392 219 475 aa
457 391 628 458 aratu
658 391 949 458 usuarius

328 526 371 590 Et
394 523 509 590 tinctas
528 519 593 589 sale
612 523 780 614 pruriente
799 520 949 606 chartas,
993 512 996 521 ¹

329 630 488 712 Instanti,
505 628 596 720 lege,
615 627 701 695 Rufe
721 654 727 694 :
748 626 805 695 sed
823 625 930 720 puella

326 735 374 802 Sit
391 748 500 801 tecum
520 746 593 816 tua,
609 757 650 799 uo
667 732 910 801 Thalassionem

325 838 455 908 Indicas
470 839 620 907 manibus
638 838 835 924 libidinosis,

324 947 369 1012 Et
389 946 447 1014 lias
467 946 535 1012 sine
555 944 674 1012 femina
694 933 840 1012 niaritus.

168 1151 241 1215 417:
257 1170 268 1191 ι
281 1142 336 1195 Nec
354 1143 401 1214 qui
418 1144 566 1215 composuit
588 1162 673 1214 nuper
719 1144 787 1199 vlt.
807 1155 835 1196 et
859 1143 1021 1213 epigramma
1040 1163 1069 1197 ιι
1085 1145 1111 1197 lil

167 1220 335 1293 Sybaritida,
351 1223 425 1294 fugit.
442 1249 452 1268 ι
760 1223 788 1275 5.
798 1222 847 1285 Ne,
862 1235 914 1274 etc.
928 1222 980 1275 Illo
992 1222 1089 1276 scilicet
1100 1242 1111 1275 e

209 1304 235 1356 3.
247 1303 312 1355 Sale.
328 1302 415 1367 Quem
428 1313 554 1371 putavere
567 1300 601 1354 ad
613 1301 673 1353 libi·
718 1300 869 1354 libellorum
884 1320 950 1373 quos
962 1320 1015 1354 una
1026 1314 1111 1355 tantun

167 1380 257 1434 dinem
270 1378 347 1434 valde
359 1381 501 1433 stimulare.
515 1379 595 1434 Unde
610 1381 673 1432 sala·
719 1394 808 1434 tenere
817 1392 864 1433 est.
873 1409 914 1421 -
924 1381 1106 1435 Thalassium,

165 1461 229 1514 citas
242 1479 292 1531 pro
307 1459 481 1531 impudicitia.
496 1459 564 1512 Hor.
580 1460 628 1512 lib.
642 1461 674 1520 1,
718 1461 775 1529 gale
785 1459 859 1513 illud.
874 1459 1111 1515 De'l’balassioaer

166 1553 213 1594 sat.
228 1558 268 1603 rr,
281 1538 519 1609 45,·caudamque
528 1540 638 1593 salacem
650 1565 673 1590 ι.
718 1540 751 1605 l,
764 1540 847 1610 epigr.
867 1557 955 1592 xxxvr.

206 1626 232 1683 4.
247 1620 361 1682 Instanti,
374 1619 441 1688 lege,
454 1619 523 1686 Rasa.
542 1617 584 1671 Ad
599 1618 674 1671 bunc
759 1637 786 1688 7.
802 1619 837 1670 Et
845 1617 906 1688 fias,
923 1630 973 1672 eto.
989 1619 1027 1673 Ut
1041 1619 1111 1674 vidiu

164 1698 262 1751 Rufum
277 1710 316 1752 est
330 1698 490 1769 epigramma
507 1715 610 1759 ravin,
627 1697 672 1751 lib.
719 1696 764 1751 lib.
782 1698 1017 1770 1X,epigr.xrrr.

593 1902 786 1992 XCVII.

437 2184 440 2189 ἡ
531 2131 572 2176 ΙΝ
602 2132 851 2178 zELoTYratu.

213 2322 328 2409 Quart
351 2315 409 2384 tibi
429 2330 507 2383 nota
527 2316 574 2382 tui
593 2316 634 2382 sit
650 2317 718 2383 vita
732 2314 878 2410 fidesque
895 2321 1022 2408 mariti,

265 2423 336 2492 Nec
357 2434 485 2515 premat
503 2417 570 2488 ulla
587 2433 662 2489 tuos
681 2419 871 2491 sollicitetve
890 2438 996 2513 toros3

213 2527 322 2618 Quid,
341 2527 434 2620 quasi
453 2522 642 2619 pellicibus,
661 2529 821 2620 torqueris
841 2531 951 2624 inepta
966 2534 1111 2602 ministris

265 2635 306 2702 In
324 2631 443 2726 quibus
458 2644 491 2698 et
508 2629 616 2699 brevis
634 2647 683 2700 est
696 2648 730 2700 et
744 2631 880 2727 fugitiva
897 2637 1034 2707 Venus?

213 2737 289 2808 Plus
307 2737 366 2806 tibi
380 2759 479 2830 quam
496 2735 631 2805 domiuo
651 2761 772 2831 pueros
786 2755 941 2833 praestare
955 2743 1111 2837 probabo

265 2845 309 2912 Hi
327 2841 468 2924 faciunt,
483 2855 521 2909 ut
535 2843 578 2910 sis
594 2840 715 2911 semina
733 2842 803 2913 sola
822 2846 902 2914 viro·

216 2952 256 3018 Hi
274 2949 370 3035 dant,
392 2945 479 3041 quod
501 2972 568 3016 nou
590 2950 640 3016 vis
661 2974 744 3018 uxor
765 2950 852 3018 dare.
873 2955 927 3020 Do
946 2968 1075 3044 mmeu,
1093 2959 1111 3027 ir

265 3054 316 3124 Ne
335 3078 438 3148 vagus
459 3077 479 3120 a
498 3052 651 3123 thalamis
673 3056 821 3150 conjugis
840 3072 928 3127 erret
948 3082 1051 3131 amor.

212 3165 288 3231 Nou
307 3160 421 3230 eadem
442 3182 494 3228 res
510 3173 583 3228 est:
603 3160 721 3229 Chiam
741 3160 834 3248 volo,
856 3162 933 3232 nolo
954 3170 1111 3239 mariscae

263 3266 315 3335 Ne
332 3265 460 3335 dubites
475 3289 547 3359 quae
565 3267 606 3333 sit
622 3267 726 3351 Chia,
743 3268 880 3338 marisca
896 3284 1029 3342 tuaest.

200 3500 223 3531 2.
235 3475 302 3529 Ulla.
310 3472 465 3535 Pellex,aut
476 3471 524 3523 alia
534 3483 661 3524 matrona.
707 3474 755 3526 ista
767 3473 815 3527 tibi
828 3487 876 3527 est.
890 3502 901 3522 ι
916 3480 1006 3531 —Do
1018 3494 1111 3547 tamea,

200 3561 225 3609 3.
249 3554 376 3606 Ministro.
398 3550 488 3603 Pueris
504 3568 573 3621 quoe
594 3564 663 3604 amat
706 3551 776 3605 Vide
791 3552 838 3607 lib.
852 3554 909 3620 XI,
923 3557 1006 3627 epigr.
1023 3578 1111 3625 xrrrs

156 3639 219 3697 ille,
234 3632 308 3704 quasi
329 3629 356 3683 id
376 3630 507 3683 emulatio
526 3641 552 3681 et
571 3642 662 3682 coutu-
746 3650 772 3700 9.
782 3632 838 3684 Noa
849 3634 930 3686 eadem
941 3656 979 3687 res
989 3651 1034 3693 est.
1046 3640 1111 3696 Diet

158 3714 236 3771 melia
251 3722 325 3764 esset.
705 3724 731 3764 et
746 3711 829 3782 epigr.
842 3712 923 3767 modo
936 3715 1033 3773 citatis.
1046 3720 1089 3773 De
1107 3733 1111 3769 t

199 3799 224 3847 6.
238 3791 298 3844 Sola
312 3793 374 3841 uiro.
388 3787 427 3839 Ut
441 3805 495 3838 uon
509 3799 597 3839 utatur
612 3786 661 3840 alia
705 3791 813 3845 marisca
827 3795 879 3860 jam
894 3793 940 3847 lib.
957 3795 1026 3856 VII,
1048 3800 1111 3874 epig

158 3862 254 3930 seiuiua
268 3887 348 3940 quam
361 3879 394 3919 te.
705 3868 755 3922 ffic
766 3882 853 3922 ,mem
865 3872 976 3940 Chiam,
989 3894 1048 3947 qun
1059 3898 1111 3935 nm

198 3974 223 4022 ⁷·
242 3949 429 4017 mm
442 3945 581 3999 “w'dm
599 3946 658 3997 Μ’·
703 3966 779 4019 sere,
805 3947 838 4002 de
861 3954 951 4021 ruera
975 3953 1056 4023 areat,
1078 3979 1111 4016 mr

157 4030 284 4103 alapia.
292 4025 576 4090 uxxvu12·Uxor,nou
583 4041 660 4097 puer,
704 4045 767 4082 vero
779 4030 877 4083 fatuam
891 4030 925 4086 de
936 4033 1052 4091 leminis,
