<?xml version="1.0" encoding="UTF-8"?>
<!DOCTYPE html PUBLIC "-//W3C//DTD XHTML 1.0 Transitional//EN"
    "http://www.w3.org/TR/xhtml1/DTD/xhtml1-transitional.dtd">
<html xmlns="http://www.w3.org/1999/xhtml" xml:lang="en" lang="en">
 <head>
  <title>
</title>
<meta http-equiv="Content-Type" content="text/html;charset=utf-8" />
  <meta name='ocr-system' content='tesseract 3.04.00' />
  <meta name='ocr-capabilities' content='ocr_page ocr_carea ocr_par ocr_line ocrx_word'/>
</head>
<body>
  <div class='ocr_page' id='page_1' title='image "./mvmartialisepig02marcgoog/mvmartialisepig02marcgoog_0049.png"; bbox 0 0 2542 4822; ppageno 0'>
   <div class='ocr_carea' id='block_1_1' title="bbox 166 308 943 395">
    <p class='ocr_par' dir='ltr' id='par_1_1' title="bbox 166 308 943 395">
     <span class='ocr_line' id='line_1_1' title="bbox 166 308 943 395; baseline 0.004 -15"><span class='ocrx_word' id='word_1_1' title='bbox 166 308 213 395; x_wconf 72' lang='grc'><strong>34</strong></span> <span class='ocrx_word' id='word_1_2' title='bbox 444 311 491 378; x_wconf 94' lang='grc' dir='ltr'><strong>Μ.</strong></span> <span class='ocrx_word' id='word_1_3' title='bbox 511 312 617 380; x_wconf 88' lang='lat' dir='ltr'>VAL.</span> <span class='ocrx_word' id='word_1_4' title='bbox 647 313 943 383; x_wconf 79' lang='lat' dir='ltr'>MARTIALIS</span> 
     </span>
    </p>
   </div>
   <div class='ocr_carea' id='block_1_2' title="bbox 287 440 1044 1600">
    <p class='ocr_par' dir='ltr' id='par_1_2' title="bbox 287 440 1044 1280">
     <span class='ocr_line' id='line_1_2' title="bbox 292 440 961 538; baseline 0.007 -29"><span class='ocrx_word' id='word_1_5' title='bbox 292 441 462 511; x_wconf 81' lang='lat' dir='ltr'><strong>Interdum</strong></span> <span class='ocrx_word' id='word_1_6' title='bbox 479 440 630 511; x_wconf 84' lang='lat' dir='ltr'><strong>aureolos</strong></span> <span class='ocrx_word' id='word_1_7' title='bbox 651 468 751 512; x_wconf 87' lang='lat' dir='ltr'><strong>manu</strong></span> <span class='ocrx_word' id='word_1_8' title='bbox 769 459 961 538; x_wconf 79' lang='lat' dir='ltr'>crepantes,</span> 
     </span>
     <span class='ocr_line' id='line_1_3' title="bbox 292 547 994 643; baseline 0.003 -25"><span class='ocrx_word' id='word_1_9' title='bbox 292 552 421 618; x_wconf 89' lang='lat' dir='ltr'>Possint</span> <span class='ocrx_word' id='word_1_10' title='bbox 442 547 563 618; x_wconf 82' lang='lat' dir='ltr'><strong>ducere</strong></span> <span class='ocrx_word' id='word_1_11' title='bbox 581 551 637 643; x_wconf 91' lang='lat' dir='ltr'><strong>qui</strong></span> <span class='ocrx_word' id='word_1_12' title='bbox 654 549 736 619; x_wconf 86' lang='lat' dir='ltr'><strong>duas</strong></span> <span class='ocrx_word' id='word_1_13' title='bbox 757 549 941 637; x_wconf 75' lang='lat' dir='ltr'><strong>Kalendas,</strong></span> <span class='ocrx_word' id='word_1_14' title='bbox 991 570 994 575; x_wconf 87' lang='grc'><strong>’</strong></span> 
     </span>
     <span class='ocr_line' id='line_1_4' title="bbox 290 654 1005 745; baseline 0.008 -24"><span class='ocrx_word' id='word_1_15' title='bbox 290 654 390 743; x_wconf 90' lang='lat' dir='ltr'><strong>Quod</strong></span> <span class='ocrx_word' id='word_1_16' title='bbox 411 679 529 741; x_wconf 88' lang='lat' dir='ltr'><strong>nemo,</strong></span> <span class='ocrx_word' id='word_1_17' title='bbox 548 656 609 724; x_wconf 90' lang='lat' dir='ltr'><strong>nisi</strong></span> <span class='ocrx_word' id='word_1_18' title='bbox 628 670 682 740; x_wconf 89' lang='lat' dir='ltr'><strong>tu,</strong></span> <span class='ocrx_word' id='word_1_19' title='bbox 705 655 860 744; x_wconf 85' lang='lat' dir='ltr'>Labulle,</span> <span class='ocrx_word' id='word_1_20' title='bbox 881 657 1005 745; x_wconf 78' lang='lat' dir='ltr'><strong>douas3</strong></span> 
     </span>
     <span class='ocr_line' id='line_1_5' title="bbox 292 761 1044 860; baseline 0.008 -32"><span class='ocrx_word' id='word_1_21' title='bbox 292 764 366 828; x_wconf 91' lang='lat' dir='ltr'><strong>Non</strong></span> <span class='ocrx_word' id='word_1_22' title='bbox 387 786 441 847; x_wconf 89' lang='lat' dir='ltr'><strong>es,</strong></span> <span class='ocrx_word' id='word_1_23' title='bbox 464 761 562 830; x_wconf 90' lang='lat' dir='ltr'><strong>crede</strong></span> <span class='ocrx_word' id='word_1_24' title='bbox 580 762 678 849; x_wconf 88' lang='lat' dir='ltr'><strong>mihi,</strong></span> <span class='ocrx_word' id='word_1_25' title='bbox 700 762 807 832; x_wconf 86' lang='lat' dir='ltr'><strong>bonus</strong></span> <span class='ocrx_word' id='word_1_26' title='bbox 823 790 829 832; x_wconf 94' lang='lat'><strong>:</strong></span> <span class='ocrx_word' id='word_1_27' title='bbox 846 763 925 857; x_wconf 88' lang='lat' dir='ltr'><strong>quid</strong></span> <span class='ocrx_word' id='word_1_28' title='bbox 941 765 1044 860; x_wconf 84' lang='lat' dir='ltr'><strong>ergo?</strong></span> 
     </span>
     <span class='ocr_line' id='line_1_6' title="bbox 296 866 986 963; baseline 0.006 -29"><span class='ocrx_word' id='word_1_29' title='bbox 296 868 339 934; x_wconf 93' lang='lat' dir='ltr'><strong>Ut</strong></span> <span class='ocrx_word' id='word_1_30' title='bbox 356 892 471 935; x_wconf 87' lang='lat' dir='ltr'><strong>verum</strong></span> <span class='ocrx_word' id='word_1_31' title='bbox 494 866 628 963; x_wconf 88' lang='lat' dir='ltr'><strong>loquar,</strong></span> <span class='ocrx_word' id='word_1_32' title='bbox 648 869 793 963; x_wconf 84' lang='lat' dir='ltr'><strong>optimus</strong></span> <span class='ocrx_word' id='word_1_33' title='bbox 815 868 986 939; x_wconf 85' lang='lat' dir='ltr'><strong>malorum.</strong></span> 
     </span>
     <span class='ocr_line' id='line_1_7' title="bbox 292 973 968 1070; baseline 0.007 -30"><span class='ocrx_word' id='word_1_34' title='bbox 292 973 443 1061; x_wconf 83' lang='lat' dir='ltr'>Pisones,</span> <span class='ocrx_word' id='word_1_35' title='bbox 465 976 689 1069; x_wconf 81' lang='lat' dir='ltr'><strong>Senecasque,</strong></span> <span class='ocrx_word' id='word_1_36' title='bbox 709 975 968 1070; x_wconf 86' lang='lat' dir='ltr'><strong>Memmiosque,</strong></span> 
     </span>
     <span class='ocr_line' id='line_1_8' title="bbox 288 1080 959 1175; baseline 0.003 -28"><span class='ocrx_word' id='word_1_37' title='bbox 288 1080 332 1147; x_wconf 86' lang='lat' dir='ltr'><strong>Et</strong></span> <span class='ocrx_word' id='word_1_38' title='bbox 350 1081 484 1175; x_wconf 85' lang='lat' dir='ltr'><strong>Crispos</strong></span> <span class='ocrx_word' id='word_1_39' title='bbox 505 1080 586 1148; x_wconf 90' lang='lat' dir='ltr'><strong>mihi</strong></span> <span class='ocrx_word' id='word_1_40' title='bbox 606 1080 723 1166; x_wconf 83' lang='lat' dir='ltr'><strong>redde,</strong></span> <span class='ocrx_word' id='word_1_41' title='bbox 743 1081 800 1150; x_wconf 90' lang='lat' dir='ltr'><strong>sed</strong></span> <span class='ocrx_word' id='word_1_42' title='bbox 822 1082 959 1175; x_wconf 83' lang='lat' dir='ltr'><strong>priores.</strong></span> 
     </span>
     <span class='ocr_line' id='line_1_9' title="bbox 287 1185 879 1280; baseline 0.005 -28"><span class='ocrx_word' id='word_1_43' title='bbox 287 1187 358 1253; x_wconf 89' lang='lat' dir='ltr'><strong>Fies</strong></span> <span class='ocrx_word' id='word_1_44' title='bbox 379 1188 529 1280; x_wconf 86' lang='lat' dir='ltr'><strong>protinus</strong></span> <span class='ocrx_word' id='word_1_45' title='bbox 550 1185 683 1256; x_wconf 86' lang='lat' dir='ltr'><strong>ultimus</strong></span> <span class='ocrx_word' id='word_1_46' title='bbox 702 1188 879 1256; x_wconf 85' lang='lat' dir='ltr'><strong>bonorum.</strong></span> 
     </span>
    </p>

    <p class='ocr_par' dir='ltr' id='par_1_3' title="bbox 287 1292 976 1600">
     <span class='ocr_line' id='line_1_10' title="bbox 291 1292 872 1388; baseline 0.01 -31"><span class='ocrx_word' id='word_1_47' title='bbox 291 1292 351 1359; x_wconf 85' lang='lat' dir='ltr'><strong>Vis</strong></span> <span class='ocrx_word' id='word_1_48' title='bbox 369 1316 467 1362; x_wconf 84' lang='lat' dir='ltr'><strong>eursu</strong></span> <span class='ocrx_word' id='word_1_49' title='bbox 489 1292 693 1387; x_wconf 80' lang='lat' dir='ltr'><strong>pedibusque</strong></span> <span class='ocrx_word' id='word_1_50' title='bbox 714 1292 872 1388; x_wconf 73' lang='lat' dir='ltr'><strong>gloriari?</strong></span> 
     </span>
     <span class='ocr_line' id='line_1_11' title="bbox 289 1397 976 1493; baseline 0.004 -30"><span class='ocrx_word' id='word_1_51' title='bbox 289 1397 415 1491; x_wconf 84' lang='lat' dir='ltr'><strong>Tigrim</strong></span> <span class='ocrx_word' id='word_1_52' title='bbox 435 1400 545 1482; x_wconf 88' lang='lat' dir='ltr'><strong>vince,</strong></span> <span class='ocrx_word' id='word_1_53' title='bbox 568 1397 740 1493; x_wconf 87' lang='lat' dir='ltr'><strong>levemque</strong></span> <span class='ocrx_word' id='word_1_54' title='bbox 760 1402 976 1469; x_wconf 83' lang='lat' dir='ltr'><strong>Passerinum.</strong></span> 
     </span>
     <span class='ocr_line' id='line_1_12' title="bbox 287 1500 907 1600; baseline 0.008 -32"><span class='ocrx_word' id='word_1_55' title='bbox 287 1500 385 1587; x_wconf 83' lang='lat' dir='ltr'><strong>Nulla</strong></span> <span class='ocrx_word' id='word_1_56' title='bbox 405 1519 455 1572; x_wconf 82' lang='lat' dir='ltr'><strong>est</strong></span> <span class='ocrx_word' id='word_1_57' title='bbox 472 1502 576 1598; x_wconf 84' lang='lat' dir='ltr'><strong>gioria</strong></span> <span class='ocrx_word' id='word_1_58' title='bbox 593 1506 761 1600; x_wconf 86' lang='lat' dir='ltr'><strong>praeterire</strong></span> <span class='ocrx_word' id='word_1_59' title='bbox 781 1500 907 1575; x_wconf 81' lang='lat' dir='ltr'><strong>asellos.</strong></span> 
     </span>
    </p>
   </div>
   <div class='ocr_carea' id='block_1_3' title="bbox 157 1701 1125 2650">
    <p class='ocr_par' dir='ltr' id='par_1_4' title="bbox 159 1701 1125 1777">
     <span class='ocr_line' id='line_1_13' title="bbox 159 1701 1125 1777; baseline 0.002 -24"><span class='ocrx_word' id='word_1_60' title='bbox 159 1701 231 1754; x_wconf 87' lang='lat' dir='ltr'><strong>enim</strong></span> <span class='ocrx_word' id='word_1_61' title='bbox 252 1719 335 1755; x_wconf 78' lang='lat' dir='ltr'><strong>crassa</strong></span> <span class='ocrx_word' id='word_1_62' title='bbox 356 1703 437 1774; x_wconf 77' lang='lat' dir='ltr'><strong>frigus</strong></span> <span class='ocrx_word' id='word_1_63' title='bbox 459 1703 603 1758; x_wconf 76' lang='lat' dir='ltr'><strong>admittunt</strong></span> <span class='ocrx_word' id='word_1_64' title='bbox 620 1724 668 1776; x_wconf 89' lang='lat' dir='ltr'><strong>per</strong></span> <span class='ocrx_word' id='word_1_65' title='bbox 713 1705 808 1775; x_wconf 81' lang='lat' dir='ltr'><strong>Crispo</strong></span> <span class='ocrx_word' id='word_1_66' title='bbox 830 1716 858 1758; x_wconf 85' lang='lat' dir='ltr'><strong>et</strong></span> <span class='ocrx_word' id='word_1_67' title='bbox 878 1704 977 1758; x_wconf 76' lang='lat' dir='ltr'><strong>Seneca</strong></span> <span class='ocrx_word' id='word_1_68' title='bbox 999 1723 1078 1777; x_wconf 68' lang='lat' dir='ltr'><strong>supra</strong></span> <span class='ocrx_word' id='word_1_69' title='bbox 1104 1703 1125 1757; x_wconf 88' lang='lat' dir='ltr'><strong>di</strong></span> 
     </span>
    </p>

    <p class='ocr_par' dir='ltr' id='par_1_5' title="bbox 160 1782 1123 1934">
     <span class='ocr_line' id='line_1_14' title="bbox 160 1782 1123 1856; baseline 0.006 -24"><span class='ocrx_word' id='word_1_70' title='bbox 160 1782 297 1835; x_wconf 80' lang='lat' dir='ltr'><strong>intervalia</strong></span> <span class='ocrx_word' id='word_1_71' title='bbox 312 1783 467 1836; x_wconf 81' lang='lat' dir='ltr'><strong>staminum.</strong></span> <span class='ocrx_word' id='word_1_72' title='bbox 713 1784 842 1837; x_wconf 84' lang='lat' dir='ltr'><strong>Memmio</strong></span> <span class='ocrx_word' id='word_1_73' title='bbox 862 1802 926 1837; x_wconf 80' lang='lat' dir='ltr'><strong>vero</strong></span> <span class='ocrx_word' id='word_1_74' title='bbox 943 1803 1021 1837; x_wconf 83' lang='lat' dir='ltr'><strong>sunm</strong></span> <span class='ocrx_word' id='word_1_75' title='bbox 1035 1802 1123 1856; x_wconf 72' lang='lat' dir='ltr'><strong>poema</strong></span> 
     </span>
     <span class='ocr_line' id='line_1_15' title="bbox 200 1860 939 1934; baseline 0.005 -22"><span class='ocrx_word' id='word_1_76' title='bbox 200 1860 225 1913; x_wconf 79' lang='lat'><strong>3.</strong></span> <span class='ocrx_word' id='word_1_77' title='bbox 241 1863 366 1914; x_wconf 79' lang='lat' dir='ltr'><strong>Aureolos.</strong></span> <span class='ocrx_word' id='word_1_78' title='bbox 381 1863 442 1916; x_wconf 87' lang='lat' dir='ltr'><strong>Lib.</strong></span> <span class='ocrx_word' id='word_1_79' title='bbox 452 1864 488 1927; x_wconf 89' lang='lat' dir='ltr'><strong>V,</strong></span> <span class='ocrx_word' id='word_1_80' title='bbox 503 1864 587 1934; x_wconf 78' lang='lat' dir='ltr'><strong>epigr.</strong></span> <span class='ocrx_word' id='word_1_81' title='bbox 602 1882 669 1928; x_wconf 76' lang='lat' dir='ltr'><strong>xrs,</strong></span> <span class='ocrx_word' id='word_1_82' title='bbox 713 1864 939 1917; x_wconf 80' lang='lat' dir='ltr'><strong>cavithcretins.</strong></span> 
     </span>
    </p>

    <p class='ocr_par' dir='ltr' id='par_1_6' title="bbox 164 1940 1125 2012">
     <span class='ocr_line' id='line_1_16' title="bbox 164 1940 1125 2012; baseline 0.002 -19"><span class='ocrx_word' id='word_1_83' title='bbox 164 1946 218 2004; x_wconf 73' lang='lat'><strong>14:</strong></span> <span class='ocrx_word' id='word_1_84' title='bbox 236 1967 246 1987; x_wconf 83' lang='grc' dir='ltr'>ι</span> <span class='ocrx_word' id='word_1_85' title='bbox 256 1940 309 2005; x_wconf 87' lang='lat' dir='ltr'><strong>Qui</strong></span> <span class='ocrx_word' id='word_1_86' title='bbox 321 1955 411 2012; x_wconf 83' lang='lat' dir='ltr'><strong>crepet</strong></span> <span class='ocrx_word' id='word_1_87' title='bbox 423 1943 547 1996; x_wconf 78' lang='lat' dir='ltr'><strong>aureolos</strong></span> <span class='ocrx_word' id='word_1_88' title='bbox 559 1943 668 1996; x_wconf 78' lang='lat' dir='ltr'><strong>forsitan</strong></span> <span class='ocrx_word' id='word_1_89' title='bbox 757 1962 801 1994; x_wconf 86' lang='lat' dir='ltr'><strong>ro.</strong></span> <span class='ocrx_word' id='word_1_90' title='bbox 817 1943 919 1994; x_wconf 81' lang='lat' dir='ltr'><strong>Ultimus</strong></span> <span class='ocrx_word' id='word_1_91' title='bbox 940 1943 1063 1995; x_wconf 80' lang='lat' dir='ltr'><strong>bonomm.</strong></span> <span class='ocrx_word' id='word_1_92' title='bbox 1084 1941 1125 1995; x_wconf 82' lang='lat' dir='ltr'><strong>tto</strong></span> 
     </span>
    </p>

    <p class='ocr_par' dir='ltr' id='par_1_7' title="bbox 160 2020 1125 2164">
     <span class='ocr_line' id='line_1_17' title="bbox 160 2020 1125 2094; baseline 0.001 -22"><span class='ocrx_word' id='word_1_93' title='bbox 160 2039 228 2073; x_wconf 77' lang='lat' dir='ltr'><strong>unus</strong></span> <span class='ocrx_word' id='word_1_94' title='bbox 242 2020 299 2074; x_wconf 85' lang='lat' dir='ltr'><strong>erit.</strong></span> <span class='ocrx_word' id='word_1_95' title='bbox 312 2048 323 2067; x_wconf 81' lang='grc' dir='ltr'>ι</span> <span class='ocrx_word' id='word_1_96' title='bbox 714 2021 849 2075; x_wconf 80' lang='lat' dir='ltr'><strong>Mnuificis</strong></span> <span class='ocrx_word' id='word_1_97' title='bbox 871 2022 912 2074; x_wconf 81' lang='lat' dir='ltr'><strong>Iris</strong></span> <span class='ocrx_word' id='word_1_98' title='bbox 932 2022 996 2075; x_wconf 82' lang='lat' dir='ltr'><strong>viris</strong></span> <span class='ocrx_word' id='word_1_99' title='bbox 1017 2022 1095 2094; x_wconf 71' lang='lat' dir='ltr'><strong>longe</strong></span> <span class='ocrx_word' id='word_1_100' title='bbox 1109 2021 1125 2074; x_wconf 85' lang='lat' dir='ltr'><strong>ir</strong></span> 
     </span>
     <span class='ocr_line' id='line_1_18' title="bbox 199 2100 776 2164; baseline 0.007 -13"><span class='ocrx_word' id='word_1_101' title='bbox 199 2107 224 2164; x_wconf 75' lang='grc'><strong>4.</strong></span> <span class='ocrx_word' id='word_1_102' title='bbox 238 2100 306 2152; x_wconf 81' lang='lat' dir='ltr'><strong>Duos</strong></span> <span class='ocrx_word' id='word_1_103' title='bbox 319 2101 454 2155; x_wconf 82' lang='lat' dir='ltr'><strong>Kalendas.</strong></span> <span class='ocrx_word' id='word_1_104' title='bbox 464 2103 584 2155; x_wconf 89' lang='lat' dir='ltr'><strong>Duorum</strong></span> <span class='ocrx_word' id='word_1_105' title='bbox 598 2121 668 2155; x_wconf 85' lang='lat' dir='ltr'><strong>meu·</strong></span> <span class='ocrx_word' id='word_1_106' title='bbox 713 2101 776 2155; x_wconf 84' lang='lat' dir='ltr'><strong>eris.</strong></span> 
     </span>
    </p>

    <p class='ocr_par' dir='ltr' id='par_1_8' title="bbox 158 2177 1125 2332">
     <span class='ocr_line' id='line_1_19' title="bbox 158 2177 1125 2251; baseline 0.001 -19"><span class='ocrx_word' id='word_1_107' title='bbox 158 2179 226 2232; x_wconf 83' lang='lat' dir='ltr'><strong>sium</strong></span> <span class='ocrx_word' id='word_1_108' title='bbox 240 2177 345 2234; x_wconf 71' lang='lat' dir='ltr'><strong>dirutam</strong></span> <span class='ocrx_word' id='word_1_109' title='bbox 359 2195 385 2235; x_wconf 85' lang='lat' dir='ltr'><strong>et</strong></span> <span class='ocrx_word' id='word_1_110' title='bbox 401 2182 509 2235; x_wconf 85' lang='lat' dir='ltr'><strong>rictum.</strong></span> <span class='ocrx_word' id='word_1_111' title='bbox 757 2200 800 2235; x_wconf 78' lang='grc' dir='ltr'><strong>η.</strong></span> <span class='ocrx_word' id='word_1_112' title='bbox 813 2182 916 2251; x_wconf 79' lang='lat' dir='ltr'><strong>Tigrim,</strong></span> <span class='ocrx_word' id='word_1_113' title='bbox 926 2180 1125 2247; x_wconf 72' lang='lat' dir='ltr'><strong>Passeriuun.Qt</strong></span> 
     </span>
     <span class='ocr_line' id='line_1_20' title="bbox 200 2259 1125 2332; baseline -0.001 -19"><span class='ocrx_word' id='word_1_114' title='bbox 200 2277 226 2330; x_wconf 92' lang='lat'><strong>7.</strong></span> <span class='ocrx_word' id='word_1_115' title='bbox 243 2259 354 2332; x_wconf 75' lang='lat' dir='ltr'><strong>Optimus</strong></span> <span class='ocrx_word' id='word_1_116' title='bbox 379 2263 502 2314; x_wconf 83' lang='lat' dir='ltr'><strong>malorum.</strong></span> <span class='ocrx_word' id='word_1_117' title='bbox 527 2261 585 2315; x_wconf 84' lang='lat' dir='ltr'><strong>Iloc</strong></span> <span class='ocrx_word' id='word_1_118' title='bbox 607 2274 668 2327; x_wconf 84' lang='lat' dir='ltr'><strong>est,</strong></span> <span class='ocrx_word' id='word_1_119' title='bbox 712 2280 794 2332; x_wconf 83' lang='lat' dir='ltr'><strong>equos</strong></span> <span class='ocrx_word' id='word_1_120' title='bbox 805 2260 980 2315; x_wconf 78' lang='lat' dir='ltr'><strong>vetocissimos</strong></span> <span class='ocrx_word' id='word_1_121' title='bbox 992 2261 1088 2325; x_wconf 79' lang='lat' dir='ltr'><strong>fuisse,</strong></span> <span class='ocrx_word' id='word_1_122' title='bbox 1102 2260 1125 2312; x_wconf 74' lang='lat' dir='ltr'><strong>nl</strong></span> 
     </span>
    </p>

    <p class='ocr_par' dir='ltr' id='par_1_9' title="bbox 157 2340 1124 2411">
     <span class='ocr_line' id='line_1_21' title="bbox 157 2340 1124 2411; baseline 0 -19"><span class='ocrx_word' id='word_1_123' title='bbox 157 2340 201 2392; x_wconf 84' lang='lat' dir='ltr'><strong>Tu</strong></span> <span class='ocrx_word' id='word_1_124' title='bbox 221 2358 248 2392; x_wconf 82' lang='lat' dir='ltr'><strong>es</strong></span> <span class='ocrx_word' id='word_1_125' title='bbox 274 2342 343 2397; x_wconf 82' lang='lat' dir='ltr'><strong>inter</strong></span> <span class='ocrx_word' id='word_1_126' title='bbox 363 2361 454 2396; x_wconf 81' lang='lat' dir='ltr'><strong>avaros</strong></span> <span class='ocrx_word' id='word_1_127' title='bbox 475 2341 667 2396; x_wconf 78' lang='lat' dir='ltr'><strong>munificentis·</strong></span> <span class='ocrx_word' id='word_1_128' title='bbox 712 2360 785 2394; x_wconf 83' lang='lat' dir='ltr'><strong>sores</strong></span> <span class='ocrx_word' id='word_1_129' title='bbox 797 2340 1124 2411; x_wconf 78' lang='lat' dir='ltr'><strong>offirmanr:lib.VII,epi</strong></span> 
     </span>
    </p>

    <p class='ocr_par' dir='ltr' id='par_1_10' title="bbox 160 2418 1125 2572">
     <span class='ocr_line' id='line_1_22' title="bbox 160 2418 1125 2492; baseline 0.001 -22"><span class='ocrx_word' id='word_1_130' title='bbox 160 2418 250 2472; x_wconf 81' lang='lat' dir='ltr'><strong>simus.</strong></span> <span class='ocrx_word' id='word_1_131' title='bbox 716 2452 755 2462; x_wconf 93' lang='lat'>—</span> <span class='ocrx_word' id='word_1_132' title='bbox 768 2420 844 2473; x_wconf 77' lang='lat' dir='ltr'><strong>Prius</strong></span> <span class='ocrx_word' id='word_1_133' title='bbox 859 2439 908 2491; x_wconf 77' lang='lat' dir='ltr'><strong>ego</strong></span> <span class='ocrx_word' id='word_1_134' title='bbox 923 2419 1095 2492; x_wconf 79' lang='lat' dir='ltr'><strong>proetuIerim.</strong></span> <span class='ocrx_word' id='word_1_135' title='bbox 1106 2420 1125 2471; x_wconf 88' lang='lat' dir='ltr'><strong>E</strong></span> 
     </span>
     <span class='ocr_line' id='line_1_23' title="bbox 200 2499 1125 2572; baseline -0.003 -21"><span class='ocrx_word' id='word_1_136' title='bbox 200 2501 225 2551; x_wconf 83' lang='lat'><strong>8.</strong></span> <span class='ocrx_word' id='word_1_137' title='bbox 240 2501 348 2552; x_wconf 73' lang='lat' dir='ltr'><strong>Pisones.</strong></span> <span class='ocrx_word' id='word_1_138' title='bbox 364 2500 468 2566; x_wconf 77' lang='lat' dir='ltr'><strong>Quibus</strong></span> <span class='ocrx_word' id='word_1_139' title='bbox 483 2499 517 2553; x_wconf 85' lang='lat' dir='ltr'><strong>de</strong></span> <span class='ocrx_word' id='word_1_140' title='bbox 533 2513 588 2554; x_wconf 79' lang='lat' dir='ltr'><strong>orte</strong></span> <span class='ocrx_word' id='word_1_141' title='bbox 604 2519 669 2572; x_wconf 84' lang='lat' dir='ltr'><strong>poe·</strong></span> <span class='ocrx_word' id='word_1_142' title='bbox 757 2500 802 2553; x_wconf 85' lang='lat'><strong>13.</strong></span> <span class='ocrx_word' id='word_1_143' title='bbox 831 2500 960 2552; x_wconf 81' lang='lat' dir='ltr'><strong>Proetert&#39;re</strong></span> <span class='ocrx_word' id='word_1_144' title='bbox 991 2500 1085 2551; x_wconf 66' lang='lat' dir='ltr'><strong>usella.</strong></span> <span class='ocrx_word' id='word_1_145' title='bbox 1109 2500 1125 2548; x_wconf 77' lang='lat' dir='ltr'>I</span> 
     </span>
    </p>

    <p class='ocr_par' dir='ltr' id='par_1_11' title="bbox 159 2577 1125 2650">
     <span class='ocr_line' id='line_1_24' title="bbox 159 2577 1125 2650; baseline 0.003 -22"><span class='ocrx_word' id='word_1_146' title='bbox 159 2577 208 2630; x_wconf 79' lang='lat' dir='ltr'><strong>tiro</strong></span> <span class='ocrx_word' id='word_1_147' title='bbox 224 2578 323 2632; x_wconf 85' lang='lat' dir='ltr'><strong>librum</strong></span> <span class='ocrx_word' id='word_1_148' title='bbox 334 2578 468 2634; x_wconf 76' lang='lat' dir='ltr'><strong>dedicavit</strong></span> <span class='ocrx_word' id='word_1_149' title='bbox 480 2581 613 2634; x_wconf 75' lang='lat' dir='ltr'><strong>Horatius.</strong></span> <span class='ocrx_word' id='word_1_150' title='bbox 629 2582 669 2633; x_wconf 85' lang='lat' dir='ltr'><strong>De</strong></span> <span class='ocrx_word' id='word_1_151' title='bbox 714 2597 823 2640; x_wconf 71' lang='lat' dir='ltr'><strong>svaros,</strong></span> <span class='ocrx_word' id='word_1_152' title='bbox 838 2598 905 2650; x_wconf 74' lang='lat' dir='ltr'><strong>qum</strong></span> <span class='ocrx_word' id='word_1_153' title='bbox 918 2577 1003 2632; x_wconf 72' lang='lat' dir='ltr'><strong>suellis</strong></span> <span class='ocrx_word' id='word_1_154' title='bbox 1014 2596 1125 2650; x_wconf 73' lang='lat' dir='ltr'><strong>compen</strong></span> 
     </span>
    </p>
   </div>
   <div class='ocr_carea' id='block_1_4' title="bbox 567 2774 824 2862">
    <p class='ocr_par' dir='ltr' id='par_1_12' title="bbox 567 2774 824 2862">
     <span class='ocr_line' id='line_1_25' title="bbox 567 2774 824 2862; baseline -0.012 -1"><span class='ocrx_word' id='word_1_155' title='bbox 567 2774 824 2862; x_wconf 86' lang='lat' dir='ltr'>XXXVII.</span> 
     </span>
    </p>
   </div>
   <div class='ocr_carea' id='block_1_5' title="bbox 546 2997 833 3046">
    <p class='ocr_par' dir='ltr' id='par_1_13' title="bbox 546 2997 833 3046">
     <span class='ocr_line' id='line_1_26' title="bbox 546 2997 833 3046; baseline -0.01 0"><span class='ocrx_word' id='word_1_156' title='bbox 546 3001 586 3046; x_wconf 86' lang='lat' dir='ltr'><strong>IN</strong></span> <span class='ocrx_word' id='word_1_157' title='bbox 618 2997 833 3046; x_wconf 78' lang='lat' dir='ltr'><strong>NASUTUM·</strong></span> 
     </span>
    </p>
   </div>
   <div class='ocr_carea' id='block_1_6' title="bbox 295 3186 899 3388">
    <p class='ocr_par' dir='ltr' id='par_1_14' title="bbox 295 3186 899 3388">
     <span class='ocr_line' id='line_1_27' title="bbox 295 3186 868 3282; baseline -0.009 -23"><span class='ocrx_word' id='word_1_158' title='bbox 295 3193 460 3260; x_wconf 75' lang='lat' dir='ltr'><strong>anurus</strong></span> <span class='ocrx_word' id='word_1_159' title='bbox 480 3191 616 3259; x_wconf 88' lang='lat' dir='ltr'><strong>nimium</strong></span> <span class='ocrx_word' id='word_1_160' title='bbox 641 3191 734 3282; x_wconf 87' lang='lat' dir='ltr'><strong>cupis</strong></span> <span class='ocrx_word' id='word_1_161' title='bbox 756 3186 868 3254; x_wconf 87' lang='lat' dir='ltr'><strong>videri.</strong></span> 
     </span>
     <span class='ocr_line' id='line_1_28' title="bbox 298 3292 899 3388; baseline -0.007 -25"><span class='ocrx_word' id='word_1_162' title='bbox 298 3296 456 3365; x_wconf 79' lang='lat' dir='ltr'><strong>Nasutum</strong></span> <span class='ocrx_word' id='word_1_163' title='bbox 481 3295 572 3378; x_wconf 85' lang='lat' dir='ltr'><strong>volo,</strong></span> <span class='ocrx_word' id='word_1_164' title='bbox 595 3294 673 3365; x_wconf 84' lang='lat' dir='ltr'><strong>uolo</strong></span> <span class='ocrx_word' id='word_1_165' title='bbox 693 3292 899 3388; x_wconf 89' lang='lat' dir='ltr'><strong>polyposum.</strong></span> 
     </span>
    </p>
   </div>
   <div class='ocr_carea' id='block_1_7' title="bbox 166 3481 1126 4034">
    <p class='ocr_par' dir='ltr' id='par_1_15' title="bbox 166 3481 1126 4034">
     <span class='ocr_line' id='line_1_29' title="bbox 211 3481 1125 3555; baseline -0.002 -17"><span class='ocrx_word' id='word_1_166' title='bbox 211 3505 234 3538; x_wconf 88' lang='lat' dir='ltr'><strong>r.</strong></span> <span class='ocrx_word' id='word_1_167' title='bbox 255 3487 371 3540; x_wconf 76' lang='lat' dir='ltr'><strong>Nasutus.</strong></span> <span class='ocrx_word' id='word_1_168' title='bbox 397 3488 519 3540; x_wconf 74' lang='lat' dir='ltr'><strong>Irrirores</strong></span> <span class='ocrx_word' id='word_1_169' title='bbox 547 3485 673 3538; x_wconf 84' lang='lat' dir='ltr'><strong>dicuntur</strong></span> <span class='ocrx_word' id='word_1_170' title='bbox 717 3481 904 3555; x_wconf 87' lang='lat' dir='ltr'><strong>nonputidum</strong></span> <span class='ocrx_word' id='word_1_171' title='bbox 913 3494 938 3533; x_wconf 86' lang='lat' dir='ltr'><strong>et</strong></span> <span class='ocrx_word' id='word_1_172' title='bbox 946 3482 1125 3552; x_wconf 79' lang='lat' dir='ltr'><strong>ineptumderi</strong></span> 
     </span>
     <span class='ocr_line' id='line_1_30' title="bbox 168 3563 1126 3639; baseline -0.003 -20"><span class='ocrx_word' id='word_1_173' title='bbox 168 3567 267 3632; x_wconf 76' lang='lat' dir='ltr'><strong>nasuti,</strong></span> <span class='ocrx_word' id='word_1_174' title='bbox 282 3567 326 3618; x_wconf 84' lang='lat' dir='ltr'><strong>tib.</strong></span> <span class='ocrx_word' id='word_1_175' title='bbox 342 3568 462 3639; x_wconf 49' lang='grc' dir='ltr'><strong>μερίδι</strong></span> <span class='ocrx_word' id='word_1_176' title='bbox 474 3586 500 3620; x_wconf 82' lang='lat' dir='ltr'><strong>tv</strong></span> <span class='ocrx_word' id='word_1_177' title='bbox 512 3584 519 3618; x_wconf 72' lang='grc' dir='ltr'><em>τ</em></span> <span class='ocrx_word' id='word_1_178' title='bbox 531 3592 540 3612; x_wconf 86' lang='grc' dir='ltr'>ι</span> <span class='ocrx_word' id='word_1_179' title='bbox 553 3567 587 3619; x_wconf 86' lang='lat' dir='ltr'><strong>Et</strong></span> <span class='ocrx_word' id='word_1_180' title='bbox 597 3565 673 3636; x_wconf 82' lang='lat' dir='ltr'><strong>pueri</strong></span> <span class='ocrx_word' id='word_1_181' title='bbox 761 3582 786 3616; x_wconf 78' lang='lat' dir='ltr'><strong>s.</strong></span> <span class='ocrx_word' id='word_1_182' title='bbox 796 3563 1126 3633; x_wconf 77' lang='lat' dir='ltr'><strong>Nolopolyposum.QuIPol</strong></span> 
     </span>
     <span class='ocr_line' id='line_1_31' title="bbox 167 3641 1125 3713; baseline 0 -16"><span class='ocrx_word' id='word_1_183' title='bbox 167 3664 258 3698; x_wconf 72' lang='lat' dir='ltr'><strong>nusum</strong></span> <span class='ocrx_word' id='word_1_184' title='bbox 278 3646 453 3699; x_wconf 81' lang='lat' dir='ltr'><strong>rhinocerotis</strong></span> <span class='ocrx_word' id='word_1_185' title='bbox 469 3647 576 3703; x_wconf 76' lang='lat' dir='ltr'><strong>hahent.</strong></span> <span class='ocrx_word' id='word_1_186' title='bbox 593 3670 604 3691; x_wconf 76' lang='grc' dir='ltr'>ι</span> <span class='ocrx_word' id='word_1_187' title='bbox 618 3646 673 3696; x_wconf 83' lang='grc' dir='ltr'><strong>Ηο·</strong></span> <span class='ocrx_word' id='word_1_188' title='bbox 718 3641 1032 3713; x_wconf 64' lang='grc' dir='ltr'><strong>θοίιῑυηροίγρωνεω</strong></span> <span class='ocrx_word' id='word_1_189' title='bbox 1041 3656 1080 3696; x_wconf 78' lang='lat' dir='ltr'><strong>est</strong></span> <span class='ocrx_word' id='word_1_190' title='bbox 1090 3662 1125 3697; x_wconf 71' lang='lat' dir='ltr'><strong>nn</strong></span> 
     </span>
     <span class='ocr_line' id='line_1_32' title="bbox 166 3721 1117 3792; baseline -0.004 -13"><span class='ocrx_word' id='word_1_191' title='bbox 166 3725 265 3789; x_wconf 71' lang='lat' dir='ltr'><strong>ratius,</strong></span> <span class='ocrx_word' id='word_1_192' title='bbox 280 3725 352 3777; x_wconf 76' lang='lat' dir='ltr'><strong>satir.</strong></span> <span class='ocrx_word' id='word_1_193' title='bbox 368 3728 397 3791; x_wconf 89' lang='lat'><strong>1,</strong></span> <span class='ocrx_word' id='word_1_194' title='bbox 410 3744 452 3790; x_wconf 82' lang='lat' dir='ltr'><strong>vt,</strong></span> <span class='ocrx_word' id='word_1_195' title='bbox 469 3728 500 3780; x_wconf 85' lang='lat'><strong>5:</strong></span> <span class='ocrx_word' id='word_1_196' title='bbox 516 3753 527 3774; x_wconf 78' lang='grc' dir='ltr'>ι</span> <span class='ocrx_word' id='word_1_197' title='bbox 546 3726 616 3778; x_wconf 74' lang='lat' dir='ltr'><strong>Naso</strong></span> <span class='ocrx_word' id='word_1_198' title='bbox 633 3744 674 3777; x_wconf 81' lang='lat' dir='ltr'><strong>su·</strong></span> <span class='ocrx_word' id='word_1_199' title='bbox 719 3724 784 3786; x_wconf 82' lang='lat' dir='ltr'><strong>bus,</strong></span> <span class='ocrx_word' id='word_1_200' title='bbox 799 3721 899 3792; x_wconf 83' lang='lat' dir='ltr'><strong>dequo</strong></span> <span class='ocrx_word' id='word_1_201' title='bbox 913 3721 1117 3788; x_wconf 54' lang='lat' dir='ltr'><strong>cetiustihyl,</strong></span> 
     </span>
     <span class='ocr_line' id='line_1_33' title="bbox 166 3802 1124 3877; baseline -0.003 -19"><span class='ocrx_word' id='word_1_202' title='bbox 166 3804 274 3877; x_wconf 71' lang='lat' dir='ltr'><strong>spondis</strong></span> <span class='ocrx_word' id='word_1_203' title='bbox 295 3803 398 3858; x_wconf 72' lang='lat' dir='ltr'><strong>adunco</strong></span> <span class='ocrx_word' id='word_1_204' title='bbox 421 3807 539 3877; x_wconf 72' lang='lat' dir='ltr'><strong>Ignotos.</strong></span> <span class='ocrx_word' id='word_1_205' title='bbox 558 3830 568 3852; x_wconf 80' lang='grc' dir='ltr'>ι</span> <span class='ocrx_word' id='word_1_206' title='bbox 585 3805 673 3869; x_wconf 84' lang='lat' dir='ltr'><strong>Quem</strong></span> <span class='ocrx_word' id='word_1_207' title='bbox 719 3803 914 3873; x_wconf 85' lang='lat' dir='ltr'><strong>quieomorbo</strong></span> <span class='ocrx_word' id='word_1_208' title='bbox 923 3802 1124 3874; x_wconf 78' lang='lat' dir='ltr'><strong>hborentpoly</strong></span> 
     </span>
     <span class='ocr_line' id='line_1_34' title="bbox 167 3880 1125 3952; baseline -0.002 -15"><span class='ocrx_word' id='word_1_209' title='bbox 167 3883 315 3938; x_wconf 71' lang='lat' dir='ltr'><strong>videntium</strong></span> <span class='ocrx_word' id='word_1_210' title='bbox 325 3885 419 3946; x_wconf 73' lang='lat' dir='ltr'><strong>uult.</strong></span> <span class='ocrx_word' id='word_1_211' title='bbox 428 3898 475 3938; x_wconf 73' lang='lat' dir='ltr'><strong>est.</strong></span> <span class='ocrx_word' id='word_1_212' title='bbox 484 3889 602 3948; x_wconf 61' lang='lat' dir='ltr'><strong>vundq.</strong></span> <span class='ocrx_word' id='word_1_213' title='bbox 611 3885 674 3937; x_wconf 76' lang='lat' dir='ltr'><strong>Son·</strong></span> <span class='ocrx_word' id='word_1_214' title='bbox 719 3894 826 3944; x_wconf 84' lang='lat' dir='ltr'><strong>cuntur,</strong></span> <span class='ocrx_word' id='word_1_215' title='bbox 838 3900 905 3952; x_wconf 81' lang='lat' dir='ltr'><strong>quos</strong></span> <span class='ocrx_word' id='word_1_216' title='bbox 919 3880 972 3932; x_wconf 86' lang='lat' dir='ltr'><strong>hoo</strong></span> <span class='ocrx_word' id='word_1_217' title='bbox 985 3882 1044 3934; x_wconf 88' lang='lat' dir='ltr'><strong>Iooo</strong></span> <span class='ocrx_word' id='word_1_218' title='bbox 1055 3884 1125 3935; x_wconf 83' lang='lat' dir='ltr'><strong>sumi</strong></span> 
     </span>
     <span class='ocr_line' id='line_1_35' title="bbox 166 3959 1125 4034; baseline 0.002 -18"><span class='ocrx_word' id='word_1_219' title='bbox 166 3982 209 4018; x_wconf 77' lang='lat' dir='ltr'><strong>suu</strong></span> <span class='ocrx_word' id='word_1_220' title='bbox 220 3979 259 4020; x_wconf 81' lang='lat' dir='ltr'><strong>ost</strong></span> <span class='ocrx_word' id='word_1_221' title='bbox 268 3965 352 4018; x_wconf 82' lang='lat' dir='ltr'><strong>:Volo</strong></span> <span class='ocrx_word' id='word_1_222' title='bbox 363 3966 494 4019; x_wconf 78' lang='lat' dir='ltr'><strong>urbanum</strong></span> <span class='ocrx_word' id='word_1_223' title='bbox 509 3978 535 4019; x_wconf 83' lang='lat' dir='ltr'><strong>et</strong></span> <span class='ocrx_word' id='word_1_224' title='bbox 551 3976 674 4026; x_wconf 76' lang='lat' dir='ltr'><strong>neutum,</strong></span> <span class='ocrx_word' id='word_1_225' title='bbox 718 3960 878 4034; x_wconf 83' lang='lat' dir='ltr'><strong>propuridis</strong></span> <span class='ocrx_word' id='word_1_226' title='bbox 891 3973 919 4013; x_wconf 85' lang='lat' dir='ltr'><strong>et</strong></span> <span class='ocrx_word' id='word_1_227' title='bbox 930 3959 1076 4015; x_wconf 72' lang='lat' dir='ltr'><strong>rancidulis</strong></span> <span class='ocrx_word' id='word_1_228' title='bbox 1088 3981 1125 4018; x_wconf 74' lang='lat' dir='ltr'><strong>rer</strong></span> 
     </span>
    </p>
   </div>
   <div class='ocr_carea' id='block_1_8' title="bbox 0 0 1276 4822">
    <p class='ocr_par' dir='ltr' id='par_1_16' title="bbox 0 0 1276 4822">
     <span class='ocr_line' id='line_1_36' title="bbox 0 0 1276 4822; baseline 0 0"><span class='ocrx_word' id='word_1_229' title='bbox 0 0 1276 4822; x_wconf 95' lang='lat' dir='ltr'><strong> </strong></span> 
     </span>
    </p>
   </div>
  </div>
 </body>
</html>
