2542 4822
184 290 628 403 selontnntrniu
656 332 749 399 mn.
778 330 890 397 xni.
997 331 1066 403 125

472 556 603 643 LIX.

457 763 633 838 omnus?

125 1006 155 1051 fit
174 981 257 1051 mihi
275 981 439 1049 dormitur
456 980 580 1066 hiems,
602 994 635 1048 et
653 981 807 1074 pinguior
824 979 880 1049 illo

125 1092 276 1183 Iempore
290 1112 362 1156 snm
372 1110 462 1181 ‚quo
477 1085 593 1155 monii
609 1088 671 1154 nisi
686 1110 822 1155 somnus
837 1085 902 1155 alit.

125 1301 216 1368 ιῶνος
234 1290 287 1382 μὲν
307 1292 378 1356 ὅλου
396 1291 539 1370 sturno,
553 1286 630 1356 πίων
649 1279 683 1353 ὸὲ
702 1290 771 1354 τότ’
789 1287 867 1380 εἰμὶ,

125 1384 268 1487 Imm
286 1386 382 1487 μηδὲν
398 1397 477 1469 πλήν
497 1420 534 1486 με
554 1396 592 1461 τὸ
611 1401 700 1484 κῶμα
718 1395 829 1487 τρέφει.

125 1582 275 1638 sthimia!
289 1580 322 1634 ud
338 1579 419 1634 Ovid.
440 1581 518 1652 epist.
561 1582 638 1633 sorio
648 1581 827 1652 princepsque
840 1582 879 1634 M.
893 1581 1005 1636 Scaurus
1018 1603 1072 1637 non

125 1685 142 1717 ‚
562 1657 915 1715 aliomodoooeniudemere
916 1682 1008 1735 ,quam
1014 1682 1076 1718 oon·

125 1744 193 1796 lim.
209 1742 302 1797 Genus
315 1753 376 1796 runt
394 1759 519 1805 murum,
563 1740 651 1812 chylia
670 1754 715 1794 ent
732 1760 765 1793 ex
781 1740 833 1794 elio
851 1742 917 1795 orbe
934 1757 1075 1797 convectas

125 1822 266 1894 igb‘soetdo
274 1820 451 1875 nomenfuit.
458 1838 520 1872 nom
563 1839 638 1886 eves,
652 1833 731 1875 eto·
746 1820 834 1874 Habes
855 1834 883 1875 et
902 1822 950 1875 tib.
965 1824 1075 1889 xm,

125 1914 158 1959 nt
170 1900 418 1957 mm'l'aoite'
391 1900 521 1954 urmirnm
565 1901 736 1972 conuitium,
744 1899 810 1972 quid
819 1914 923 1973 prount
928 1904 1076 1968 stomacho,

125 1984 302 2039 intendentes
321 1982 359 2035 illi
380 1993 520 2044 creseunt,
565 1979 631 2052 quid
654 1993 777 2034 noceant
800 1984 981 2053 Appouuntur
1003 1983 1075 2056 apud

125 2082 184 2118 eme
203 2075 261 2116 tota
275 2061 415 2115 dormiunt
429 2073 457 2114 et
471 2061 521 2113 im·
566 2061 723 2114 Petronium
738 2061 767 2113 in
784 2062 970 2115 Trimalcionir
984 2081 1077 2128 ooenn,

133 2143 211 2217 qunti
224 2142 325 2196 mortni
336 2144 440 2214 jecent,
454 2154 520 2194 tem·
568 2165 578 2184 ι
593 2141 670 2193 melle
686 2152 713 2193 et
727 2159 857 2211 papavere
871 2143 953 2212 spani
965 2168 987 2195 υ.
996 2142 1078 2197 Cute·

125 2224 171 2278 iro
182 2223 354 2277 reviviscunt.
363 2222 465 2274 Plinius
476 2221 523 2273 lib.
568 2240 643 2285 rum,
658 2218 693 2272 de
707 2220 823 2273 Glitium
846 2234 973 2293 apparatu
996 2221 1077 2275 tradit

125 2322 166 2383 tp.
176 2304 229 2358 ὄπ
243 2302 447 2371 «Glires...leges
463 2319 524 2355 cen·
571 2299 734 2371 Apiciuslib.
748 2300 830 2362 VIII,
843 2319 900 2370 cap.
914 2320 941 2369 9.

491 2501 596 2587 LX.

426 2726 665 2774 CUNICULUS.

125 2917 220 2965 unsr
241 2894 277 2960 in
295 2891 423 2960 effossis
441 2890 590 2958 habitare
611 2887 781 2956 cuniculus
803 2891 921 2974 antris3

125 3001 325 3069 Monstravit
343 2998 458 3066 tacitas
479 2995 628 3064 hostibus
646 2991 699 3061 ille
717 2995 795 3061 vias.

125 3176 197 3229 nudet
210 3176 335 3242 inoffinsis
347 3174 454 3227 exhibet
469 3172 526 3225 MS.
573 3172 643 3224 varin
658 3171 723 3224 loca.
740 3170 840 3222 Omnes
858 3190 941 3242 prope
961 3173 1080 3229 historici

573 3250 717 3303 meminere
727 3250 919 3303 cuniculorum.
929 3252 964 3304 Et
973 3255 1081 3324 quidem

125 3331 371 3387 'varnavia-Aliud
385 3351 467 3402 genus
479 3351 528 3402 op·
573 3333 675 3384 nullum
697 3331 794 3382 nostris
818 3349 924 3401 quoque
951 3338 1079 3405 tempori-

125 3415 188 3468 ionis
194 3427 234 3467 ost
242 3415 443 3466 subterraneum
451 3426 529 3483 atque
573 3412 623 3463 bns
638 3423 791 3480 stratagema
807 3411 943 3475 usitatius3
956 3426 984 3466 at
995 3417 1081 3470 multo

125 3514 163 3556 m,
177 3492 252 3566 quod
266 3494 417 3547 cuniculum
433 3505 530 3545 vocant
573 3491 652 3544 etium
666 3489 810 3543 terribilius
824 3510 902 3561 quiam
912 3494 1083 3564 antiquorum

125 3594 136 3627 ι
150 3576 241 3646 lingua
253 3579 314 3625 miae
324 3572 352 3625 id
369 3571 504 3636 vocatur.)
516 3591 530 3624 a
574 3571 673 3624 suculis
682 3571 780 3633 tuerat,
789 3573 825 3623 ob
836 3571 936 3623 nitrum
944 3587 970 3625 et
976 3576 1083 3646 sulphu-

125 3675 174 3714 us,
187 3656 235 3726 qui
250 3671 373 3707 cavernas
388 3655 436 3705 sub
453 3653 529 3705 terris
574 3670 631 3703 rear
644 3669 738 3705 massas
749 3663 775 3703 et
787 3651 978 3705 flammivomos
990 3657 1082 3725 globos

125 3752 142 3797 :‚
154 3736 244 3805 ibique
257 3734 421 3787 conduntur.
431 3733 529 3802 »Vego
573 3731 670 3802 quibus
682 3750 736 3782 non
749 3744 851 3783 tuntum
866 3747 993 3785 corruunt
1004 3754 1085 3804 erpu-

126 3856 133 3869 .
145 3815 194 3877 IV,
202 3833 259 3885 etp.
277 3821 326 3876 ²43
339 3813 384 3865 ubi
397 3812 458 3865 vide
471 3832 530 3884 qun
574 3824 713 3882 gnatorum
729 3811 837 3863 urbium
854 3813 924 3863 muri
936 3826 961 3864 et
975 3813 1082 3875 domus.

125 3913 128 3945 :
152 3892 324 3948 Godoeoulch.
351 3892 529 3944 Steweichius.
575 3890 620 3943 sed
631 3892 658 3943 in
672 3910 730 3944 nero
739 3892 791 3943 late
803 3893 925 3944 exsiliunt
936 3894 1083 3964 precipites

125 3993 148 4025 m
166 3973 248 4037 Livii,
262 3972 399 4034 Frontiui,
415 3971 530 4041 Polyarni
577 3985 603 4023 et
618 3971 719 4040 disjecti
734 3971 782 4024 hec
796 3973 854 4024 ittae
868 3972 997 4025 seruntur.
