2542 4822
156 310 205 383 26
437 315 484 381 Μ.
502 314 610 383 VAL.
635 314 936 384 MARTIALIS

591 539 781 626 XXIX.

431 776 481 818 nr.
509 774 770 822 naamoceus
798 743 948 822 runa*

211 953 459 1031 Hanuoc'euns
474 974 586 1029 tantus
603 985 817 1056 mapparum,
834 961 986 1050 Pontica,
1001 961 1056 1031 fur
1071 975 1126 1049 est,

262 1068 416 1155 Quantus
433 1092 647 1136 nummorum
663 1070 735 1154 vix,
751 1083 855 1163 puto,
868 1069 982 1137 Massa
996 1066 1068 1138 fuit.

211 1177 261 1242 Tu
276 1173 352 1242 licet
366 1173 522 1243 observes
536 1173 706 1260 dextram,
721 1190 898 1268 teneasque
913 1175 1094 1260 sinistram,

265 1281 435 1364 Inveniet,
451 1305 607 1375 mappam
625 1306 690 1374 qua
709 1284 835 1350 ratione
850 1280 971 1350 trabat.

214 1387 377 1456 Cervinus
395 1385 539 1481 gelidum
558 1386 671 1458 sorbet
685 1389 731 1457 sic
745 1387 866 1457 halitus
881 1410 1043 1481 anguem:

269 1495 413 1562 Casuras
436 1492 500 1562 alte
522 1496 569 1562 sic
590 1497 676 1588 rapit
697 1495 759 1563 lris
781 1518 891 1588 aquas.

213 1599 330 1692 Nuper
349 1624 452 1693 quum
472 1602 606 1695 Myrino
624 1614 793 1695 peteretur
811 1601 923 1670 missio
941 1597 1036 1684 laeso,

270 1704 434 1775 Subduxit
448 1731 587 1801 mappas
603 1722 746 1801 quatuor
760 1710 998 1801 Hermogenes.

217 1811 386 1880 Cretatam
402 1827 524 1906 praetor
539 1836 643 1906 quum
658 1812 756 1882 vellet
769 1815 901 1882 mittere
914 1835 1084 1906 mappam,

206 2032 221 2063 'i
229 2047 327 2100 Furem
339 2047 458 2101 nobilem
470 2062 496 2102 et
510 2049 676 2120 ingeniosum
762 2053 789 2103 6.
808 2050 864 2102 Iris.
884 2050 971 2102 Meus
991 2045 1091 2100 scilieet
1112 2063 1136 2099 ct

166 2127 217 2180 sub
230 2146 343 2197 persona
357 2129 530 2200 Hermogenis
546 2128 676 2200 depingit.
721 2128 891 2196 Aristoteles,
904 2128 951 2181 lib.
960 2127 1004 2180 111
1015 2127 1129 2179 Meteon.

92 2238 93 2243 =
168 2207 256 2260 Finxit
271 2209 350 2260 etiarn
365 2208 444 2261 Poeta
459 2223 552 2280 aptum
563 2208 616 2261 luri
628 2228 678 2261 no·
722 2204 906 2269 abvdrsiataerc
924 2210 941 2264 a
959 2208 1003 2276 ἶρις
1021 2210 1066 2267 τῆς
1086 2206 1136 2275 ὄψι·

166 2287 305 2341 men.Vid.
318 2301 377 2341 not.
393 2289 499 2361 subseq.
721 2291 761 2340 τὸν
775 2289 854 2352 iares,
866 2288 974 2358 φανερόν.
993 2312 1004 2332 ι
1016 2283 1136 2351 Quoder

211 2385 235 2419 1.
248 2369 420 2437 Hemsogenes.
435 2376 491 2422 Hoc
502 2381 556 2432 est,
567 2369 601 2420 ab
614 2367 681 2419 Her·
722 2369 757 2420 sit
776 2368 901 2419 refractio
924 2365 1063 2437 adspectus
1082 2363 1116 2417 ad
1134 2387 1136 2414 r

168 2464 211 2497 me
222 2466 267 2499 seu
278 2448 413 2502 Mercurio
422 2448 541 2518 genitus,
552 2448 598 2518 qui
607 2466 680 2499 nem·
722 2447 893 2500 manifestum
915 2460 955 2499 est
975 2472 1008 2511 ·,
1025 2457 1076 2498 eto.
1094 2443 1136 2497 Pli

168 2544 204 2597 pe
224 2539 263 2578 est
282 2527 373 2579 lurum
393 2525 460 2579 deus
479 2545 486 2578 :
505 2540 595 2580 noster
616 2547 679 2597 ergo
723 2528 765 2588 ΙΙ,
781 2545 838 2597 cap.
855 2527 900 2595 59.

169 2617 249 2675 poeta
264 2607 431 2675 aptissimum
446 2605 498 2659 suri
511 2607 562 2660 hoe
580 2625 679 2660 nomen
766 2626 792 2677 7.
802 2607 883 2676 Quum
889 2606 999 2678 Myrino,
1009 2618 1063 2660 ete.
1075 2605 1136 2674 Deq

170 2685 337 2754 excogitavit.
724 2688 813 2757 Spect.
834 2687 917 2757 epigr.
936 2687 1060 2750 1x3hoo
1079 2696 1135 2749 est,

214 2765 437 2818 etiamtiam
443 2759 681 2836 novusimperante
724 2767 835 2837 Myrino
848 2763 986 2837 gladiatori
1001 2764 1093 2818 missio
1103 2782 1136 2835 pe

171 2844 334 2897 Domitiano.
347 2846 387 2897 De
400 2864 432 2897 eo
447 2845 551 2897 Plinius
563 2846 652 2914 junior
663 2847 681 2897 l.
725 2847 868 2916 apopulo‚
881 2845 924 2900 vel
938 2846 971 2897 ab
987 2845 1047 2916 ipso
1056 2842 1136 2914 Myris

171 2925 239 2989 vu,
249 2925 325 2994 epist.
339 2926 424 2987 ulti,
439 2923 574 2977 «Dederat
588 2944 629 2976 ure
640 2945 681 2978 se·
726 2938 864 2998 peteretur
882 2943 889 2978 :
907 2925 962 2977 laesi
985 2923 1056 2978 enim
1081 2921 1136 2994 glad

172 3016 251 3057 natus
261 3023 320 3056 curn
334 3004 469 3057 Herennio
479 3004 625 3057 Senecione
636 3004 683 3057 ad·
726 3024 800 3058 arma
816 3005 1022 3075 submittebant,
1042 3015 1070 3057 et
1085 3002 1136 3056 vita

172 3098 298 3137 vocatum
314 3086 458 3154 provinciae
474 3085 683 3138 Baetieaecoutra
725 3083 834 3156 quaudo
857 3085 1035 3154 impetrabant
1060 3083 1095 3136 ab
1122 3085 1136 3134 I

173 3164 684 3235 BaebiumMassam3damnatoqueMos·
727 3178 796 3228 tore,
824 3177 869 3217 aut
896 3183 910 3216 a
938 3164 1055 3235 populo,
1075 3161 1136 3215 dum

173 3263 215 3309 sa,
226 3256 378 3308 censuerat,
390 3246 496 3299 utbona
507 3248 563 3316 ejus
577 3245 683 3315 publice
728 3245 887 3315 respublica.

174 3323 403 3378 custodirentur.»
768 3325 1052 3395 9.Cietatum.Signum
1060 3341 1136 3394 uemp

216 3403 242 3458 5.
258 3405 373 3457 &ranas
388 3402 510 3475 gelidum,
529 3417 579 3458 etc.
594 3405 683 3456 Attra-
728 3402 865 3457 mittendis
880 3403 1016 3475 quadrigis
1031 3401 1136 3455 dabatur

175 3484 217 3537 lrit
228 3484 391 3556 surripitque
401 3503 509 3556 mappas
520 3485 608 3536 nativa
623 3503 685 3554 qua·
728 3483 770 3537 dis
781 3485 963 3537 Circensibus.
977 3481 1098 3536 liuderus
1111 3500 1136 3534 at

176 3562 235 3617 dam
248 3562 463 3630 sumcirste,nou
474 3582 685 3617 secusaccervus
729 3562 852 3617 Cedreno
873 3565 970 3628 refert,
987 3563 1056 3615 hanc
1076 3562 1136 3616 suist

175 3642 289 3697 naturali
310 3642 454 3714 antipathia
468 3657 630 3715 serpentese
647 3645 685 3697 la·
728 3645 829 3698 sionem
850 3662 955 3714 mappae
973 3642 1118 3695 incircum

176 3724 258 3777 tebris
268 3722 365 3793 spiritu
376 3723 501 3785 extrahit,
511 3742 597 3779 cornu
609 3723 686 3776 elidit
729 3722 785 3788 dae,
808 3722 881 3794 quod
896 3724 1079 3795 magistratus,
1098 3739 1136 3774 ant

176 3817 313 3876 voratque.
330 3802 409 3855 Unde
430 3805 517 3873 ἔλαφος
540 3803 684 3857 Plutarcho
730 3804 848 3868 sionem,
872 3823 952 3874 super
974 3803 1090 3855 fornices
1109 3821 1136 3855 ca

175 3885 221 3935 lib.
243 3882 276 3937 de
297 3881 377 3934 Prud.
397 3883 503 3935 animal.
522 3881 609 3935 dictus
635 3886 683 3936 ἀπὸ
729 3903 761 3935 eo
783 3885 841 3936 loco
863 3883 935 3936 unde
958 3883 1132 3952 spectabant,

175 3969 217 4020 aab
233 3967 291 4017 iltis
309 3963 351 4015 vel
368 3965 422 4033 itqis
438 3965 494 4026 τοὺς
511 3966 583 4034 ὄφεις.
729 3965 802 4015 vium
811 3977 946 4029 curarent,
956 3981 1136 4034 mappamque
