2738 4808
331 314 781 384 EPIGRAMMATUM
810 316 906 384 LlB.
934 316 1025 383 xt1.
1162 312 1203 386 31

254 446 384 518 Matella
401 462 500 517 curto
517 462 616 543 rupta
630 446 733 516 latere
748 448 900 516 meiebat.

253 559 372 624 Focum
391 556 526 624 ferentis
546 554 681 623 suberat
697 554 867 649 amphorae
885 556 1016 624 cervix:

254 663 360 729 Fuisse
377 686 509 756 gerres,
527 676 587 730 aut
603 659 735 730 inutiles
753 685 877 730 maenas

255 767 343 836 Odor
360 767 548 863 impudicus
565 768 658 835 urcei
676 767 858 850 fatebatur,

254 871 391 962 Qualem
408 875 545 942 marinae
560 875 650 942 misit
664 896 745 942 aura
763 875 905 968 piscinae.

255 981 319 1049 Nec
338 979 466 1074 quadra
486 979 601 1049 deerat
617 982 703 1049 casei
717 979 898 1068 Tolosatis3

254 1086 434 1174 Quadrima
452 1088 541 1181 nigri
558 1110 620 1155 nec
637 1110 761 1155 corona
778 1084 887 1181 pulei,

254 1191 426 1286 calvaeque
443 1207 546 1262 restes
563 1191 723 1287 allioque,
741 1194 912 1287 cepisque,

256 1296 320 1368 Nec
341 1297 442 1393 plena
460 1299 552 1393 turpi
569 1301 683 1368 matris
701 1297 765 1368 olla
787 1300 911 1382 resina,

256 1406 504 1475 Summoenianae
522 1430 588 1500 qua
605 1403 752 1501 pilantur
768 1430 898 1474 uxores.

256 1511 340 1598 Quid
359 1513 480 1606 quaeris
501 1511 601 1599 aedes,
622 1510 815 1606 villicosque
832 1510 976 1595 derides,

259 1617 410 1686 Habitare
428 1620 549 1712 gratis,
570 1621 771 1700 oVacerra,
788 1643 890 1711 quum
912 1615 1039 1713 possis?

259 1725 329 1793 Haee
348 1726 553 1793 sarcinarum
572 1749 696 1820 pompa
713 1726 869 1793 convenit
890 1726 993 1819 ponti.
1190 1749 1215 1787 ‚s

215 1924 244 1978 13.
265 1930 373 1983 liciebat.
401 1929 461 1984 Hoc
488 1942 542 1994 est,
567 1949 599 1983 ex
627 1949 658 1984 ea
701 1927 836 1995 deterius,
853 1949 950 2003 nempe
971 1931 1077 1985 cibariis
1098 1932 1213 1986 rustico·

187 2008 659 2082 npuetfluehstunnasanepotuisset
701 2028 761 2062 rum
777 2007 935 2063 condiendis
950 2011 1121 2065 inserviebat.

187 2079 253 2139 linter
261 2089 279 2140 si
290 2110 343 2142 non
355 2092 459 2152 verius,
473 2103 499 2143 at
511 2103 584 2144 certe
595 2089 659 2144 deli·
745 2108 790 2141 so.
815 2088 899 2142 Colcoe
924 2103 1003 2145 restes.
1029 2092 1128 2144 Sensus
1154 2103 1211 2145 cst:

187 2163 241 2217 θύω
252 2168 406 2241 hyperbolas
421 2189 574 2242 congerere.
586 2171 637 2223 Eo.
702 2169 771 2221 Allia
787 2182 814 2222 et
826 2187 896 2240 cepe
911 2187 943 2222 ex
955 2171 1064 2224 funibus
1077 2190 1124 2224 seu
1136 2172 1213 2227 reati-

212 2251 244 2308 14.
253 2250 314 2301 Foco
327 2253 426 2303 virenti.
443 2249 485 2304 ed.
500 2251 608 2303 Borboo.
618 2281 660 2292 -
701 2249 752 2301 bus
767 2247 933 2319 pendentes,
946 2269 1012 2321 quas
1023 2251 1108 2304 culros
1121 2263 1213 2316 vocet,

184 2318 248 2377 Fossa
258 2329 365 2395 serentis.
381 2333 423 2382 An
442 2330 595 2400 impositam
604 2331 658 2381 Ve-
702 2326 776 2399 quod
788 2347 860 2399 cepae
870 2329 924 2382 siut
934 2331 1039 2400 glabrae.

182 2409 603 2482 tme,anserricapitiampboram
612 2409 659 2462 eui
745 2427 791 2460 αι.
804 2408 884 2460 Maris
896 2409 956 2463 cod.
970 2409 1073 2463 Beverl.

181 2478 233 2537 lotus
242 2486 539 2543 ineretillideatlector.
550 2489 658 2542 Confer.
746 2506 790 2539 υ.
801 2487 992 2543 Sommoenianoe.
1013 2489 1071 2543 Hoc
1090 2501 1145 2555 est,
1156 2509 1213 2542 me·

180 2563 323 2622 etluvenalis
335 2568 390 2622 Sat.
407 2570 464 2635 111,
482 2568 541 2622 251.
555 2571 661 2639 Legunt
702 2568 819 2621 retriees.
831 2567 902 2620 Vide
926 2588 985 2640 qun
1006 2568 1040 2622 de
1062 2568 1115 2622 illis
1136 2568 1214 2624 etde

179 2638 310 2702 liist'oeo
320 2649 419 2702 virenti
430 2651 536 2703 suberat
546 2649 659 2720 ampho-
702 2647 763 2700 loco
770 2645 885 2700 diximus
893 2649 940 2703 lib.
951 2651 1002 2715 111,
1012 2649 1096 2722 epigr.
1106 2667 1214 2714 cxxxii,

179 2727 289 2780 recavis
300 2729 423 2794 ·.Quam
443 2729 586 2783 lectionem
604 2747 659 2781 non
705 2745 742 2780 vs.
753 2746 778 2779 ι.

177 2795 276 2877 intelligo,
746 2806 791 2859 23.
804 2806 873 2876 Quid
882 2811 978 2879 querit.
991 2808 1049 2861 Hoc
1059 2821 1113 2873 est,
1125 2809 1214 2880 inquit

205 2884 242 2938 15.
255 2888 348 2940 Tulisse
364 2887 422 2940 vult
437 2889 467 2940 de
485 2889 563 2958 Rooy.
581 2887 661 2942 Grues
704 2885 863 2940 Femabius:
874 2886 949 2951 Quid
960 2888 1055 2958 quoeris
1064 2888 1155 2942 villam
1168 2908 1214 2941 ru-

176 2959 217 3014 oed
226 2966 323 3021 beverl.
329 2964 474 3022 -'Gerres.
484 2969 662 3021 Locusterum
704 2966 727 3018 ri
738 3005 746 3031 ,
759 2966 833 3037 quasi
842 2967 986 3019 lautiorum
998 2987 1074 3021 more
1085 2986 1133 3040 per
1142 2980 1214 3021 esta·

173 3056 249 3112 fimum
262 3045 326 3101 inde
337 3047 442 3100 minuta
456 3045 575 3120 quadam
586 3048 663 3101 sulse·
704 3058 759 3098 tem
771 3046 946 3100 rusticaturus
960 3045 995 3100 eis
1003 3046 1059 3098 Ρ-
1069 3049 1095 3098 V
1094 3049 1215 3119 illisosque
1260 3108 1263 3114 Ι

174 3126 321 3181 mentavid.
331 3128 380 3181 lib.
393 3129 450 3193 ΙΙΙ,
462 3122 547 3200 epigr.
555 3146 662 3193 murt,
704 3125 805 3179 derides.
813 3127 905 3190 Quum
911 3126 1039 3179 solvendo
1049 3146 1157 3198 parnou
1170 3127 1214 3181 sis.

173 3216 198 3254 tt
211 3222 234 3273 7.
747 3212 792 3269 ²4·
804 3206 925 3257 Habitare
935 3212 1023 3276 gratu.
1038 3208 1155 3278 Ipsemet
1170 3225 1216 3258 ex·

202 3288 241 3337 16.
254 3286 326 3339 Odor
338 3287 486 3357 impudicus,
503 3300 553 3341 etc.
567 3287 662 3353 Teter3
704 3285 799 3356 ponit,
815 3287 861 3338 ubi
874 3287 955 3358 gratis
974 3287 1094 3339 habiture
1112 3287 1213 3357 possit,

170 3376 246 3419 votus
257 3367 333 3420 olens
345 3366 481 3438 pudenda.
705 3366 734 3418 in
755 3378 836 3436 ponte
853 3366 952 3419 scilicet
968 3384 1031 3419 cum
1046 3385 1125 3437 grege
1139 3384 1216 3418 men-

201 3459 239 3514 17.
251 3447 323 3499 Vixit
337 3445 372 3500 de
379 3449 466 3518 Rooy.
479 3448 508 3498 V
506 3451 547 3500 isit
557 3444 662 3518 legend.
706 3443 845 3508 dieorum,
868 3446 915 3517 qui
936 3447 1038 3499 nullam
1058 3447 1165 3499 solvunt
1180 3443 1215 3498 de

163 3520 227 3597 jubet
240 3525 429 3581 Beterlandus.
705 3537 789 3597 ponte
800 3526 965 3596 pensionem.

199 3607 239 3659 st.
253 3606 325 3659 Casei
341 3608 473 3659 Tolosatis.
486 3605 551 3659 Mali
564 3606 664 3660 scilicet
720 3649 723 3653 .
749 3605 795 3658 25.
805 3606 887 3658 Ponti.
896 3605 1027 3659 Pontibus
1037 3604 1140 3659 seilicet
1147 3617 1173 3658 et
1182 3616 1217 3659 te·

158 3687 258 3756 aporia.
272 3688 390 3751 Tolosa,
403 3687 469 3739 urbs
482 3686 588 3752 Galliae,
602 3687 664 3740 satis
707 3686 810 3756 getibus
823 3699 849 3738 et
860 3684 1056 3757 crepidinibus,
1068 3704 1128 3756 quae
1142 3703 1216 3737 men-

155 3777 214 3818 nota
227 3765 363 3821 bisetium
377 3765 553 3838 temporibus.
708 3764 828 3818 dicorum
845 3778 906 3818 suut
921 3763 1060 3831 stationem
1070 3763 1126 3818 vid.
1138 3781 1217 3835 supra

194 3864 238 3914 ¹9·
251 3845 664 3917 Quadrimc.iloeest,pulegium
708 3859 768 3898 not.
781 3844 828 3898 lib.
839 3846 880 3910 X,
892 3845 975 3916 epigr.
988 3863 1012 3906 v,
1030 3864 1067 3898 vs.
1081 3845 1108 3898 3.
1119 3845 1215 3897 Jureu.

153 3939 294 3997 aquetnor
313 3927 392 3981 aunis
415 3936 564 3993 servatum,
579 3943 665 3997 eoque
709 3924 786 3978 Satir.
798 3925 848 3989 IV,
858 3944 896 3977 vs.
914 3928 983 3986 116,
998 3943 1037 3993 sq.
