2542 4822
506 379 553 445 M.
573 378 677 446 vll..
706 379 744 445 M
754 378 1003 447 hR'l'thlS

707 604 797 689 ΙΙΙ.

585 838 636 883 no
664 806 915 883 sucronem*

276 1033 395 1097 (inuis
417 1030 449 1095 in
471 1028 535 1096 hoc
554 1026 666 1121 gracili
682 1028 865 1095 Xeniorum
883 1025 981 1094 turba
1002 1024 1111 1095 libello

328 1133 501 1202 Constabit
517 1135 659 1202 nummis
677 1146 818 1227 quatuor
835 1145 947 1228 empta
962 1131 1032 1201 tibi.

277 1241 430 1329 Quatuor
451 1253 500 1307 est
521 1241 681 1308 nimium:
699 1240 822 1333 poterit
842 1252 994 1308 constare
1010 1238 1151 1323 duobus,

328 1348 372 1413 Et
392 1346 490 1415 faciet
510 1345 638 1414 lucrum
658 1343 836 1439 bibliopola
849 1344 1018 1439 Tryphon

275 1455 355 1519 llaec
372 1450 448 1521 licet
465 1450 647 1545 hospitibus
666 1477 727 1545 pro
746 1476 883 1520 munere
901 1450 1041 1520 disticha
1062 1451 1182 1537 mittas,
1238 1473 1245 1510 ⁵

330 1559 363 1624 Si
381 1558 440 1624 tihi
458 1571 524 1625 tam
544 1581 656 1635 rarus,
672 1582 770 1650 quam
792 1556 891 1637 mihi,
910 1579 1066 1626 nummus
1083 1556 1151 1625 erit.

276 1661 396 1731 Addita
414 1688 475 1757 per
492 1660 606 1731 titulos
628 1686 687 1731 sua
706 1665 838 1731 uomina
856 1662 954 1731 rebus
972 1661 1127 1749 habebis;

331 1770 529 1852 praetereas,
549 1770 575 1836 si
595 1767 674 1861 quid
690 1793 757 1836 non
777 1767 855 1838 facit
872 1758 914 1836 ad
935 1766 1154 1838 stomachum.

266 1972 447 2027 ‘Adtecnnm
461 1977 557 2028 lemma
573 1976 652 2028 estin
669 1973 730 2029 edd.
775 1992 834 2045 quar
850 1973 965 2029 diximus
980 1972 1015 2027 ad
1032 1974 1103 2039 ΧΠ,
1123 1990 1187 2037 axx,
1199 1990 1227 2039 9,
1237 1978 1258 2021 tl

228 2056 289 2107 libr.
308 2054 449 2117 omnibus,
463 2055 576 2126 excipias
591 2054 672 2108 modo
689 2054 731 2108 ed.
775 2055 882 2107 consule
899 2054 961 2108 aliae
980 2053 1108 2125 buius.
1131 2050 1261 2107 ratim·

229 2134 304 2186 Bari».
319 2135 346 2186 in
360 2153 411 2205 qua
429 2136 475 2187 Ad
485 2136 596 2187 eumdem.
776 2147 806 2186 ut
817 2146 933 2186 nostram
947 2132 1105 2205 sententiam
1118 2144 1163 2185 aut
1175 2128 1262 2183 dame

264 2246 303 2257 -—
319 2214 438 2268 Pretium
457 2228 483 2267 et
498 2227 680 2285 argumentum
699 2214 732 2266 li·
777 2225 822 2265 aut
838 2213 988 2266 confirmes.
1017 2212 1151 2266 Caeterum
1173 2228 1203 2263 ex
1223 2208 1263 2261 tre

225 2293 286 2345 belli
301 2293 430 2364 significat
443 2312 449 2346 :
464 2296 581 2365 pretium
595 2306 634 2347 est
650 2294 732 2364 gemi·
776 2292 963 2364 epigrammate
978 2292 1115 2363 equaliter
1130 2288 1211 2343 divin
1221 2284 1264 2339 du

226 2391 463 2426 nusnummusseu
474 2374 626 2427 victoriatus
637 2392 646 2437 ;
656 2392 732 2443 argu·
776 2372 875 2424 conflat
889 2370 932 2424 ed.
952 2370 1028 2424 Barb.
1041 2382 1070 2423 et
1084 2371 1141 2423 hnc
1154 2366 1208 2421 duo
1217 2364 1264 2419 ld

226 2463 359 2515 trientum,
378 2453 463 2505 Xenin
484 2452 604 2506 distichis
624 2452 733 2522 singulis
776 2465 807 2504 ut
822 2450 947 2503 eumdem
959 2450 1069 2529 titulum
1080 2468 1137 2521 pro
1150 2468 1178 2501 ae
1188 2446 1264 2501 ient-

226 2530 424 2601 comprebensa.
776 2531 861 2583 Obliti
881 2549 984 2583 eramus
1004 2542 1098 2583 notare
1115 2528 1155 2583 tie
1169 2526 1266 2581 serilla*

270 2629 293 2662 r.
307 2611 458 2675 Xeniorum,
472 2624 522 2664 etc.
533 2611 604 2664 Vide
615 2630 674 2682 qun
688 2630 734 2663 no·
777 2612 816 2661 De
824 2609 932 2680 Rooyad
942 2630 979 2663 vs.
991 2610 1018 2662 3.
1031 2634 1043 2655 ι
1052 2610 1147 2679 Longe
1153 2604 1266 2659 vannum

226 2690 339 2741 terimus
355 2688 389 2741 de
411 2708 507 2760 genere
531 2690 582 2743 hoc
604 2691 733 2762 epigram·
777 2684 832 2753 [sc.
845 2708 925 2760 quam
943 2676 1266 2758 Quattuor-esculanum]

226 2779 327 2821 matum
337 2767 369 2820 ad
378 2769 578 2840 inscriptionem
584 2771 647 2822 lihri
653 2771 733 2841 hujus
775 2768 921 2821 Scriverius
934 2770 967 2837 (l.
979 2780 1016 2820 est
1028 2771 1126 2819 ninnium
1133 2774 1180 2837 ep.
1191 2762 1266 2817 hialin

228 2866 285 2919 pag.
302 2851 346 2914 89.
777 2860 864 2900 tamen
880 2850 1058 2917 (humorem
1069 2842 1267 2899 nimiast-B

268 2934 294 2991 4.
313 2928 434 2997 ily-plion.
452 2928 600 2999 Bibliopola
618 2929 650 2980 iis
666 2941 732 2981 tem·
776 2927 845 2980 banc
861 2926 966 2980 emend.
979 2927 1046 2979 tanti
1060 2925 1172 2979 :sumat
1186 2918 1267 2977 aniius

228 3008 338 3078 poribus
354 3008 487 3079 praecipue
500 3009 613 3073 celeber,
627 3006 662 3060 de
678 3027 733 3079 quo
777 3007 837 3058 Viri
847 3008 880 3059 cl.
889 3009 928 3058 De
936 3008 1006 3079 licor
1014 3006 1041 3057 in
1054 3006 1165 3077 epistola
1175 3000 1206 3057 ad
1218 3018 1266 3053 eun

225 3089 278 3155 jam
293 3087 339 3138 lib.
355 3088 405 3151 IV,
420 3089 502 3158 epigr.
517 3106 600 3153 axx13
616 3100 643 3140 et
654 3089 732 3139 Tum.
776 3085 895 3156 scripta,
912 3099 942 3139 ut
957 3084 1047 3149 dicat,
1062 3084 1182 3157 quamvis
1192 3096 1265 3135 men·

229 3168 257 3227 l,
271 3186 297 3236 p.
312 3167 347 3220 35
363 3179 432 3219 nost.
448 3168 617 3232 Quintiliani.
627 3168 678 3218 En.
777 3164 912 3217 dationem
935 3166 992 3236 ipse
1014 3166 1132 3231 eruerit,
1151 3176 1232 3216 tamen
1247 3174 1266 3209 tt

269 3245 408 3298 5.Disticlm
415 3245 568 3299 minauvid.
577 3265 667 3298 rursus
674 3264 733 3317 qum
776 3245 851 3297 lateri
861 3244 1029 3297 restitutione
1036 3246 1094 3314 ejus
1104 3242 1173 3297 adeo
1183 3236 1266 3293 elland-

227 3322 341 3375 diximus
359 3325 436 3377 initio
455 3326 534 3395 hujus
552 3326 634 3377 libri:
649 3326 733 3378 Xenia
777 3336 885 3389 uatum,
896 3338 928 3377 ut
937 3322 1013 3376 flocci
1026 3324 1222 3394 propriampr·
1233 3316 1265 3369 llll

227 3403 327 3473 quippe
338 3403 487 3473 hospitibus
502 3405 571 3455 mitti
585 3404 712 3457 solebant.
776 3402 968 3474 pendat.-Per
976 3404 1066 3455 titulos.
1079 3404 1265 3465 Lemannum

268 3486 294 3534 6.
304 3482 335 3535 Si
343 3483 387 3535 tibi
397 3494 455 3545 uun,
466 3495 516 3536 etc.
527 3484 626 3537 Malum
634 3485 733 3538 scilicet
777 3495 929 3554 argumenta
941 3482 1062 3553 intellige
1070 3500 1128 3535 uno
1135 3480 1213 3535 verbo
1220 3492 1266 3531 etr

227 3562 350 3613 omnihus
363 3563 417 3614 fere
429 3562 513 3632 poetis
528 3564 663 3616 familiare.
776 3563 879 3616 stantia.

268 3660 294 3710 7.
305 3640 378 3692 Cadit
387 3661 437 3711 pro
448 3643 551 3694 Addua.
561 3644 617 3697 MS.
630 3644 732 3696 Beverl.
817 3634 844 3695 8.
856 3630 1264 3709 ΝοηῙαοίΜᾱεῐοιηαοΙιωι.ΙΙωᾶ

225 3719 306 3786 Quod
315 3721 428 3787 probare
437 3721 559 3787 videtur,
571 3724 606 3775 ob
617 3742 732 3776 caussam
776 3724 830 3775 suis
846 3722 964 3775 versibus
985 3719 1050 3773 dicit
1068 3720 1165 3785 Poeta3
1181 3714 1222 3771 tetl
1236 3710 1264 3765 ll·

226 3800 351 3852 omnibus
372 3800 493 3865 obviam,
516 3821 563 3853 nos
590 3816 661 3855 recte
686 3804 732 3855 tri·
777 3801 847 3855 ludit
868 3800 901 3854 ad
928 3801 1083 3865 esculenta,
1107 3818 1166 3871 quc
1186 3797 1211 3849 in
1227 3792 1263 3847 ta

226 3882 307 3933 liuere
321 3881 458 3933 varietates
467 3879 551 3933 (odiri
560 3882 733 3934 llorerlh'hh
779 3883 917 3935 urniorum
937 3882 1007 3935 libro
1022 3878 1216 3933 describuntur.
