2738 4808
263 114 332 181 118
527 111 576 177 Μ.
605 111 711 178 VAL
740 107 1038 177 MARTIALlS

703 336 881 422 XLIX.

656 542 912 615 arcanum*

312 764 426 850 Quum
449 785 501 829 me
520 761 601 829 ficus
620 758 705 840 alat,
724 783 826 851 quum
846 782 962 850 pascar
980 757 1133 827 dulcibus
1151 761 1239 844 uvis;

364 870 435 936 Cur
457 868 567 959 potius
589 888 710 933 nomen
732 889 800 931 non
821 863 913 931 dedit
934 887 998 930 uva
1017 862 1122 932 mihi?

314 1080 484 1169 Βυσκυμίνῃ
504 1078 647 1170 γλυκερὸν
669 1086 758 1142 σῡκυυ
778 1075 828 1140 καὶ
851 1077 981 1167 βότρυας
1000 1068 1096 1156 ἡδεῖς,

367 1183 461 1249 Τίπτ’
480 1184 565 1272 ὄνυμ’
583 1186 616 1248 οὐ
636 1186 752 1271 μᾶλλον
773 1173 867 1246 δῶκεν
887 1187 903 1247 ὁ
926 1182 1036 1272 βότρυς
1060 1181 1147 1271 ἐμυί;

305 1384 317 1408 ’
331 1390 456 1443 Ficedula
475 1391 576 1445 avicula
598 1404 636 1443 est
657 1390 775 1443 luscinias
816 1409 862 1442 esu
872 1391 1202 1461 pinguislltmltbennus,
1210 1390 1319 1461 Deipno·

266 1471 415 1535 simillima,
425 1483 483 1523 tum
493 1471 595 1531 colore,
610 1482 666 1521 turn
678 1469 776 1539 magni·
815 1469 994 1540 sophistarum
1015 1470 1061 1524 lib.
1084 1471 1114 1521 11
1120 1510 1128 1535 ‚
1147 1468 1182 1523 de
1202 1469 1318 1522 συκυλίυυ

266 1547 376 1613 tudine,
391 1550 489 1602 Graecis
506 1548 577 1601 dicta
593 1548 707 1611 συκαλὶς,
726 1550 776 1600 La·
816 1548 906 1619 (quod
925 1567 1005 1620 supra
1018 1548 1134 1603 vidimus
1149 1547 1223 1602 idem
1234 1566 1321 1603 num

267 1627 469 1693 tintasindus,
482 1625 557 1699 quod
567 1626 681 1681 ficorum
695 1640 778 1680 niatu·
817 1647 878 1681 curn
889 1626 1023 1691 ficedulis)
1034 1627 1106 1681 idem
1119 1640 1240 1682 testatur.
1252 1626 1322 1681 Iden

268 1707 429 1761 rescemium
443 1721 563 1779 ternpore
576 1708 681 1778 pinguis
692 1706 737 1759 fiat
750 1720 777 1758 et
816 1707 980 1761 Eustbatius.
1000 1708 1036 1761 Et
1062 1708 1126 1761 binc
1149 1709 1238 1763 foram
1260 1704 1322 1759 illud

269 1788 399 1857 capiatur.
414 1787 478 1841 vid.
497 1800 585 1839 tamen
601 1787 670 1839 infra
688 1799 777 1839 notata
817 1788 989 1857 proverbium
1004 1787 1159 1840 Grncorum
1173 1805 1181 1841 τ
1197 1792 1266 1841 rum
1276 1786 1323 1855 φίλ’

270 1865 303 1919 sd
319 1886 387 1921 vers.
409 1887 432 1919 1.
449 1866 552 1920 Gallice
566 1884 690 1919 vocamus
707 1865 777 1935 beafi-
817 1868 932 1935 ὁρυίθευσι
949 1889 954 1901 ·
973 1868 1080 1935 φυτιὺιιυ
1094 1862 1121 1918 δ’
1138 1868 1184 1920 aba
1195 1869 1324 1929 unm,

269 1966 324 2014 gae.
346 1948 396 2000 Eas
418 1959 504 1999 sutem
521 1947 634 1999 Romani
650 1946 678 1997 in
694 1946 780 2015 epulis
817 1946 869 1997 hoc
883 1957 941 2009 est,
956 1944 1045 1999 Gratae
1060 1947 1156 1999 aribus
1170 1946 1239 1999 licus
1252 1957 1325 2007 suut,

271 2022 435 2081 delicatiores
453 2026 531 2079 valde
553 2027 729 2096 appeteban13
753 2038 778 2075 et
819 2023 865 2076 sed
879 2026 998 2094 plantare
1013 2038 1143 2079 recusant.

269 2107 353 2159 refert
377 2107 520 2159 Suetonius
544 2104 642 2157 donata
665 2103 778 2173 quadam
862 2124 886 2155 a.
901 2103 1038 2174 Curpotr'us
1051 2124 1135 2156 nomen
1147 2124 1195 2157 uon
1209 2104 1346 2156 deditum

272 2183 317 2237 die
326 2186 458 2238 a'l'iberio
468 2187 568 2238 Caesare
576 2185 673 2236 Asellio
682 2183 780 2237 Sabino
820 2183 893 2233 midi?
901 2182 959 2235 Hoc
970 2196 1022 2249 est,
1029 2202 1078 2236 cur
1089 2202 1144 2236 non
1158 2185 1248 2256 potius
1256 2181 1326 2235 dicor

274 2264 329 2316 HS.
343 2265 471 2327 ducenta,
487 2262 572 2326 (Tab.
586 2263 744 2323 numTom.
757 2263 780 2316 l.
821 2260 933 2314 uvedula
950 2281 1029 2332 quani
1052 2261 1186 2316 lloedula?
1209 2258 1326 2315 Uredulr

274 2342 381 2406 fin.)ob
388 2345 539 2396 institutum
547 2343 580 2393 ab
590 2360 621 2393 eo
631 2343 658 2394 in
665 2340 781 2412 quodem
821 2340 892 2393 enim
905 2342 938 2393 ab
954 2361 999 2393 ura
1013 2356 1040 2395 et
1054 2343 1122 2394 edere
1138 2341 1235 2395 eodem
1250 2338 1325 2393 modo

275 2420 379 2493 dialogo
391 2435 523 2475 certamen
537 2422 606 2474 inter
617 2423 735 2483 boletos,
750 2420 780 2470 li·
820 2420 956 2472 derivetur
975 2440 1029 2491 quo
1047 2440 1061 2472 a
1069 2422 1122 2490 ficu
1138 2435 1166 2475 et
1178 2422 1248 2473 edere
1269 2420 1325 2473 floe-

274 2500 397 2565 cedulas‚
412 2514 497 2554 ostrea
514 2512 540 2551 et
560 2498 660 2553 turdos.
675 2499 782 2552 Turdos
822 2499 899 2562 dula,
913 2499 1031 2553 eumdem
1050 2519 1147 2572 nempe
1165 2498 1325 2555 terminatio·

276 2595 380 2646 autern,
403 2581 505 2632 boletos
529 2593 555 2632 et
580 2592 667 2631 ostrea
687 2581 715 2631 in
738 2578 782 2631 de·
821 2597 882 2631 nem
901 2579 1038 2632 literarum
1057 2580 1176 2633 finalium
1191 2580 1253 2633 loeo
1266 2577 1325 2631 acci·

275 2660 343 2713 liciis
356 2658 430 2730 apud
446 2661 580 2711 Romanos
598 2659 677 2711 luisse
694 2659 782 2709 nullus
821 2660 905 2729 piens.
931 2659 981 2711 Hic
1010 2658 1129 2713 liederus
1159 2655 1325 2730 interroganti

276 2738 784 2810 ignoratquivclPetronii,velJuvena·
822 2737 938 2789 Martiali
962 2737 1125 2808 respondere
1149 2750 1275 2792 tentans:
1289 2738 1325 2789 aa

276 2820 308 2870 lis
323 2820 365 2871 vel
380 2818 508 2871 Martialis
525 2818 610 2869 nostri
624 2836 707 2886 pauca
716 2817 783 2869 deli·
823 2817 886 2887 quia
900 2817 982 2869 serius
994 2819 1130 2889 cognitum
1140 2832 1181 2872 est
1191 2816 1325 2872 ficedulam

275 2899 363 2957 barin
378 2912 403 2951 et
412 2900 433 2950 si
444 2900 503 2968 quis
517 2899 634 2966 ignoret,
647 2894 722 2949 adcat
733 2897 783 2948 hu·
822 2914 873 2948 uva
885 2898 968 2961 vesci,
981 2911 1007 2949 et
1019 2899 1093 2968 prius
1105 2897 1182 2950 ficu?
1195 2895 1276 2963 Quod
1288 2895 1325 2949 iu·

272 2981 316 3048 jus
325 2978 370 3029 lib.
382 2978 450 3047 epig.
463 2976 782 3039 x1,v111‚m‚1.xxxrr.l⁴]u.
822 2976 974 3046 geniorum
994 2991 1021 3029 at
1043 2978 1089 3029 ubi
1111 2977 1175 3048 legit
1197 2975 1325 3037 Raderm,

319 3075 342 3108 r.
358 3058 437 3125 (lcum
449 3056 550 3124 meficns
565 3056 627 3118 alut,
640 3075 719 3125 quiam,
733 3069 783 3106 etc.
823 3073 937 3125 quamve
960 3056 995 3106 ob
1018 3074 1134 3109 caussam
1152 3056 1276 3127 conjicit,
1287 3070 1326 3107 oo·

277 3137 430 3188 Aristoteles
449 3149 537 3187 tamen
561 3134 687 3186 ficedulas
706 3133 784 3185 docet
822 3134 926 3203 gnitum
936 3136 1019 3187 serius
1030 3154 1081 3188 uva
1090 3134 1236 3189 ficedulam
1245 3130 1323 3189 verul?

277 3216 427 3268 vermiculis
442 3216 484 3267 ali.
496 3217 596 3266 Verum
613 3212 641 3265 id
657 3212 783 3282 quidem,
824 3214 905 3265 Notat
917 3233 979 3265 mox
992 3213 1064 3266 idern
1079 3215 1213 3287 interpres
1229 3216 1326 3269 ΕΜ

276 3316 324 3348 nec
335 3308 500 3347 vetattarnen
514 3295 578 3364 quin
591 3292 711 3345 autumni
720 3306 785 3344 tcm-
823 3311 921 3344 nomen
936 3293 998 3345 huic
1016 3295 1056 3345 ari
1073 3295 1107 3346 ab
1122 3314 1175 3347 uva
1193 3294 1275 3349 etiam
1290 3290 1328 3345 (ls-

276 3393 341 3446 pore
360 3388 385 3425 et
402 3375 465 3426 ficus
481 3389 507 3425 et
526 3393 589 3425 uvas
611 3372 783 3423 libentissime
823 3370 904 3435 disse,
919 3372 940 3423 si
956 3372 1036 3424 inodo
1050 3370 1190 3442 ἀμπιλίδις
1207 3371 1263 3438 (sic
1275 3387 1328 3426 avet

275 3455 362 3507 edant.
381 3456 467 3506 Varro
484 3453 518 3504 <le
537 3455 627 3522 lingua
648 3452 728 3503 latina
751 3450 783 3501 ad
824 3451 943 3520 quaeelam
958 3453 991 3502 ab
1008 3454 1135 3521 ἄμπελος,
1152 3451 1328 3519 vitlsleutlen

275 3553 365 3586 vocem
372 3533 518 3601 ficedulam:
534 3559 544 3578 ι
554 3532 667 3593 ficuum,
679 3529 779 3598 inquit,
823 3544 884 3582 sunt
898 3549 958 3582 cum
974 3533 1107 3584 συκαλίσιν.
