2738 4808
311 352 746 424 lll'lGllilMMA'lTUlll
774 361 870 426 Llll.
900 362 1004 427 XIV.
1117 364 1185 433 ulit

460 790 637 853 Bnolnur·
666 789 855 859 uitulum*

190 974 322 1040 Gsonrs
346 990 412 1041 tnm
436 978 529 1068 parvi
553 1001 620 1044 non
643 992 692 1045 est
714 978 857 1047 obscum
878 980 992 1074 sigilli3

236 1079 332 1147 lstius
351 1082 445 1173 pueri
465 1085 583 1152 Brutus
605 1099 734 1152 anmtor
755 1100 835 1153 erat.

184 1289 332 1371 Ᾱείκελον,
350 1293 384 1372 ὅ,
404 1293 447 1382 ῤῥ’
465 1293 574 1384 (ipsius,
593 1298 646 1360 οὐκ
665 1295 768 1371 ἀκλεὲς
787 1298 915 1378 ἔπλετο,
932 1298 984 1362 καί
1005 1324 1058 1389 περ

232 1394 382 1486 Τοσσίχον
402 1396 445 1462 ὃν·
464 1401 577 1465 τούτου
596 1404 727 1491 Βροῦτος
744 1403 835 1493 ipsivs
856 1403 955 1494 κόρου.

170 1595 428 1673 'Beotoviculupedion
446 1606 469 1655 Τ
472 1606 552 1657 huam.
573 1605 635 1659 eorl.
681 1626 740 1660 mus
753 1608 800 1660 lib.
814 1610 867 1674 tx,
878 1610 961 1681 epigr.
976 1630 1014 1663 ur.
1028 1612 1129 1665 Plinius
1144 1614 1194 1665 lib.

139 1678 197 1750 Lege
206 1684 308 1751 Βρούτον
319 1679 490 1737 zzlsnmditv.
504 1685 548 1737 Sic
560 1686 636 1738 Bruti
683 1688 810 1752 lllleV‚
827 1707 884 1760 cup.
902 1690 929 1742 8.
948 1693 1014 1743 ltem
1030 1692 1092 1745 fecit
1108 1693 1192 1764 Apol·

139 1761 266 1813 susiunem
284 1776 370 1816 vocat.
385 1761 447 1815 vid.
467 1765 493 1816 J.
507 1765 585 1818 Voss.
602 1764 636 1817 ad
680 1765 789 1819 lodorus
815 1787 945 1839 puerum,
975 1789 1054 1841 quem
1080 1771 1193 1825 amando

139 1838 224 1892 Catull.
237 1861 265 1910 p.
281 1861 347 1911 ²²9·
360 1870 371 1887 ·
382 1844 475 1897 Bevcrl.
681 1847 777 1899 Brutus
787 1848 966 1919 Philippensis
974 1852 1133 1921 cognomine
1143 1871 1192 1905 suo

172 1940 194 1971 ν.
207 1921 280 1973 Istius
288 1927 368 1992 pueri.
382 1925 422 1975 De
433 1942 487 1994 quo
496 1926 551 1994 jum
565 1923 634 1977 disi·
680 1926 884 1980 illustrissimum
902 1929 972 1982 fecit.

542 2130 744 2217 CLXXI
757 2134 787 2216 l.

357 2368 654 2414 ssunoc'ronos
681 2339 969 2413 comunimus*

188 2557 235 2623 ln
258 2571 290 2623 tu
313 2559 475 2649 reptanti,
492 2582 573 2649 puer
594 2558 764 2641 insidiose,
782 2555 912 2626 lacertu

237 2665 366 2731 Parce:
390 2664 481 2755 cupit
502 2660 614 2755 digitis
636 2660 690 2729 illa
709 2664 816 2755 perire
835 2664 908 2730 tuis.

186 2864 291 2939 Φείδιο
313 2882 369 2949 τῆς
387 2876 497 2966 σαύρης
518 2874 664 2964 ἑρπούσης
684 2873 758 2963 πρὸς
778 2873 830 2949 σὲ,
852 2864 1008 2964 dulm‘ppuv

238 2982 354 3070 Κοῦρε,
373 2987 470 3070 χεροῖν
489 2979 600 3044 θανέειν
619 2986 679 3043 σῶν
696 2981 754 3044 ὕπο
772 2979 963 3068 γλιχομένης.

177 3182 364 3239 'Sumuclonus
385 3190 514 3238 corruptius
534 3186 641 3237 Thuau.
730 3208 754 3237 ν.
774 3184 854 3253 Cupit.
875 3186 910 3236 Ut
926 3187 1010 3238 nubili
1026 3187 1080 3240 luto
1096 3204 1196 3260 pereat.

144 3266 197 3320 tud.
215 3266 373 3319 sauronam
394 3265 423 3318 C.
444 3264 486 3318 ed.
507 3266 640 3317 Schrevel.
687 3262 905 3317 —Crediderim
918 3266 1008 3335 potius
1021 3267 1133 3322 voluisse
1146 3271 1199 3323 Nu·

175 3380 213 3389 -
226 3348 394 3399 Sauroctonos.
412 3348 434 3397 A
449 3346 534 3398 κτείνω
551 3346 641 3407 occido,
689 3356 773 3395 strum
793 3344 870 3413 pueri
886 3345 1131 3399 excellentissimam
1153 3368 1199 3401 vr-

145 3429 361 3497 ttsuipuslacsrta
373 3445 381 3476 :
391 3425 443 3477 huc
457 3438 509 3487 est,
521 3424 644 3476 lacertam
688 3435 819 3475 nustutem
834 3424 982 3484 celebrare,
1002 3438 1028 3477 et
1051 3428 1086 3478 ob
1107 3427 1135 3480 id
1157 3427 1200 3481 di·

144 3504 265 3560 urridens.
287 3506 418 3557 Nimirum
437 3504 554 3573 intellige
572 3504 643 3574 sigil-
689 3520 748 3554 rere
763 3521 769 3554 :
782 3504 841 3573 Ipsa
854 3516 879 3555 te
893 3517 962 3555 amat
975 3504 1086 3571 lacertu,
1098 3520 1125 3558 et
1138 3509 1200 3578 qui-

145 3582 192 3636 lum
203 3605 233 3638 ex
244 3604 296 3639 aere
305 3584 448 3637 Corinthio
456 3584 563 3635 factum.
577 3583 643 3634 Plin.
689 3581 750 3633 dem
764 3583 799 3632 ita
820 3595 902 3646 uruat,
914 3603 930 3633 ο
953 3597 1062 3637 venuste
1077 3604 1153 3655 puer,
1171 3601 1200 3640 ut

150 3662 263 3729 xxxlv,
276 3684 301 3716 r.
318 3668 354 3717 8:
370 3659 645 3725 necimmerinhs)
691 3680 724 3713 ns·
745 3662 832 3731 perire
856 3661 965 3733 quidem
986 3678 1102 3728 recuset,
1119 3666 1199 3718 modo

148 3756 169 3794 et
183 3745 309 3813 puberem
324 3744 474 3814 Apollinem
494 3742 645 3812 subrepenti
693 3762 746 3794 non
763 3754 824 3793 ante
839 3755 941 3811 pereat,
953 3762 1032 3813 quam
1044 3744 1132 3814 digitis
1147 3746 1201 3797 tuis

149 3820 460 3893 larertaecominnssagitta
470 3820 647 3879 insidiantem.
692 3833 850 3891 pertractata
868 3822 958 3876 luerit.
971 3824 1042 3892 Ergo
1053 3825 1147 3893 ponito
1161 3841 1203 3876 ar·

152 3918 217 3968 quem
228 3904 413 3957 Sauroctonun
428 3915 530 3954 vocaint.
546 3930 555 3945 u
694 3919 770 3967 cum,
784 3914 810 3953 et
826 3902 947 3953 lacertum
973 3920 1052 3954 mauu
1070 3902 1203 3973 prendilo.

1008 4055 1020 4093 3

957 4093 999 4161 ¹7
